2850 4750
189 261 517 372 consranrr'na
544 303 599 354 rr
629 303 823 358 cattos.
850 329 857 375 s
878 281 966 358 555.
1079 291 1148 383 ιγ’
1185 277 1189 285 ’

51 469 181 564 cuerit
192 467 298 561 fieri,
320 465 352 538 is
369 464 586 564 adhibetur,
611 469 676 574 qui
695 497 763 567 pro
778 468 1124 556 d'omihusexcubat

51 577 295 673 aurigarum,
325 590 387 643 aut
409 592 524 646 artem
553 572 773 646 tellerariam
806 578 1020 673 profitetur,
1060 600 1124 652 aut

50 675 259 752 secretiora
286 671 467 773 quaedam
490 673 527 764 le
546 675 650 750 'nolle
680 679 871 776 confingit.
937 676 1173 754 Hominea¹5

51 780 157 854 enim
183 777 352 852 eruditos
374 798 410 852 et
426 774 637 852 sobrios‘ut
658 780 835 854 infaustos
854 800 891 856 et
906 778 1056 855 inutiles
1070 784 1123 855 vi·

50 904 156 958 tant:
192 908 241 954 eo
262 899 412 980 quoque
433 881 649 976 accedente,
681 880 785 980 quod
808 905 846 956 et
870 887 1121 960 nomenclato-

51 1014 105 1060 res
130 983 284 1058 adsueti
304 981 396 1060 haec
418 1004 455 1056 et
476 983 560 1058 talia
585 985 794 1078 venditare,
825 985 996 1061 mercede
1017 1014 1121 1062 acce·

49 1112 135 1190 pta,
162 1087 215 1188 ⁸²)
232 1086 344 1160 lucris
358 1085 537 1186 quosdam
556 1107 592 1160 et
606 1087 771 1187 prandiis
785 1088 948 1173 inserunt
960 1089 1116 1164 subditi-

50 1193 133 1268 cios
153 1187 344 1290 ignobiles
366 1211 403 1261 et
418 1188 604 1265 obscuros.

125 1291 350 1384 Mensarum
370 1294 467 1366 enim
490 1295 702 1394 voragines,
740 1307 779 1366 et
809 1283 925 1368 varias
952 1288 1172 1392 volupiam

51 1421 131 1472 tum
149 1397 369 1489 illecebras,
391 1422 438 1470 ne
454 1398 598 1496 longius
621 1395 859 1496 progrediar,
888 1400 1118 1496 praetermit-

50 1523 108 1574 to:
131 1501 231 1574 illuc
251 1499 484 1594 transiturus,
515 1499 619 1601 quod
643 1498 796 1600 quidam
816 1527 882 1598 per
898 1498 1118 1600 amplalpa-
1179 1555 1214 1582 ,,

51 1607 98 1678 tia
120 1603 257 1698 urbis,
293 1599 708 1704 subversasquefilices,
738 1601 812 1703 line
837 1603 993 1701 periculi
1014 1593 1119 1677 metu

49 1727 321 1809 properantes,
351 1733 467 1805 equos
486 1709 588 1802 yelut
609 1709 780 1809 publicos
801 1705 969 1804 lignatio,
1012 1705 1118 1808 quod

52 1811 196 1885 dicitur
205 1866 218 1907 ,
242 1809 289 1908 ⁸³)
306 1811 436 1908 calceis
450 1811 604 1908 agitant,
627 1809 848 1884 familiarum
863 1811 1008 1908 agmina
1024 1831 1121 1884 tame

53 1943 166 2015 quam
183 1908 585 2014 praedatoriossglolsos
604 1914 685 2014 post
706 1934 814 2010 terga,
831 1913 1036 2006 trahentes,
1069 1939 1117 1986 ne
1201 1896 1206 1916 .

53 2017 249 2091 Sannione
272 2014 441 2114 quidem,
470 2037 512 2089 ut
531 2017 582 2090 ait
605 2017 791 2110 comicus,
834 2011 939 2095 domi
965 2017 1140 2089 relicto:-

55 2147 146 2221 quos
165 2119 221 2216 ’,4)
233 2119 395 2192 imitatae
409 2140 597 2194 matronae
608 2120 842 2219 complures,
865 2118 1004 2216 'opertis
1017 2119 1119 2217 capi·

55 2225 153 2296 tibus
172 2243 214 2296 et
228 2220 422 2316 basternis,
440 2249 505 2321 per
519 2223 639 2298 latera.
651 2223 808 2310 civitatis
824 2243 956 2307 cuncta
980 2220 1119 2294 discur-

57 2347 152 2401 runt.
220 2321 347 2425 thue
367 2327 590 2425 praeliorum
612 2327 721 2427 periti
745 2322 904 2401 rectores
921 2325 1042 2425 primo
1057 2329 1168 2421 cai-17
1261 2373 1266 2388 1

62 2452 179 2504 terras
205 2428 332 2501 densas
353 2453 547 2529 opponunt
572 2452 608 2505 et
629 2432 762 2524 fortes,
796 2427 930 2503 deinde
948 2430 1046 2503 leves
1061 2457 1117 2501 ar·

61 2555 241 2625 maturas,
271 2532 351 2631 post
379 2533 615 2629 ioculatores,
655 2522 877 2632 ultimasque
903 2531 1125 2607 sublidiales·
1227 2582 1232 2593 ·

63 2636 178 2729 acies,
199 2634 319 2707 fifors
333 2631 515 2733 adegerit,
538 2638 583 2736 ²⁵)
599 2636 803 2711 invasurae:
830 2638 880 2707 ita
900 2634 1116 2734 praepolitis

61 2741 225 2813 urbanae
254 2738 412 2811 familiae
445 2736 636 2839 suspensae
668 2738 919 2838 digerentibus
945 2736 1116 2832 sollicite,

63 2870 156 2941 quos
178 2838 336 2941 inligans
356 2842 494 2915 faciunt
514 2844 636 2943 virgae
662 2840 798 2917 dextris
819 2857 981 2939 aptatae,
1014 2842 1138 2914 velut.

62 2944 190 3019 telleia
206 2942 290 3017 data
312 2942 497 3039 castrenli,
522 2946 623 3019 iuxta
646 2943 807 3020 vehiculi
823 2946 985 3017 frontem
1006 2969 1116 3018 omne

62 3048 110 3149 ²⁶)
134 3046 336 3121 textrinum
357 3046 515 3127 incedit:
544 3048 633 3123 huic
654 3061 811 3121 atratum
844 3047 1031 3147 coquinae
1054 3045 1118 3121 aid·

62 3150 227 3249 iungitur
243 3150 500 3245 ministerium,
527 3148 662 3227 deinde
677 3172 797 3225 totum
818 3151 1026 3249 promiscue
1047 3148 1119 3222 ler-

63 3256 216 3347 vitium,
245 3280 330 3325 cum
350 3254 398 3354 ²⁷)
420 3254 543 3329 otiosis
566 3255 724 3354 plebeiis
747 3251 793 3327 de
816 3253 1002 3326 vicinitate
1030 3280 1120 3326 con·
1190 3322 1194 3329 ,
1220 3297 1225 3308 κ

64 3358 221 3441 iunctis:
250 3351 431 3454 postrema
450 3359 657 3433 multitudo
679 3356 905 3458 spadonum,
933 3352 1119 3429 asenibus

66 3460 104 3533 in
133 3484 272 3559 pueros
300 3456 482 3553 delinens,
523 3456 705 3553 obluridi,
752 3460 980 3556 distortaque
1008 3459 1120 3534 linea·

68 3582 276 3661 mentorum
290 3589 467 3663 compago
482 3564 530 3664 28)
545 3564 749 3659 deformes:
778 3584 821 3635 ut
842 3588 987 3661 quaqua
1009 3554 1123 3637 incel-

68 3664 149 3739 lerit
167 3660 379 3765 quisquam,
403 3693 554 3740 cernens
570 3668 786 3741 mutilorum
800 3665 995 3744 hominum
1009 3664 1123 3763 agmi·
1155 3687 1157 3690 ·

70 3796 125 3861 na,
145 3765 345 3843 detestetur
358 3770 575 3843 memoriam
592 3767 846 3843 Semiramidis
861 3768 1006 3865 reginae
1023 3770 1122 3842 illius

341 3934 513 3952 m

72 4016 149 4092 ¹22)
166 4011 250 4068 lucris
270 4010 415 4098 quosdam.
431 4011 441 4095 J
456 4019 504 4079 23)
523 4008 576 4067 Ml.
592 4008 675 4069 calcis
695 3999 804 4097 agitant.
849 4004 1043 4094 alll'ernitatc.
1069 4009 1126 4132 ἐξ)
1226 4066 1236 4085 Ι,

72 4096 232 4207 mm„
260 4088 317 4155 ao)
341 4100 515 4145 mextnnum.
569 4101 622 4155 ²7)
648 4082 687 4159 ad
711 4083 812 4143 otiosae
840 4080 941 4157 plebis,
990 4089 1046 4153 28)
1116 4112 1125 4131 ι
1192 4196 1197 4210 ,
