2850 4750
21 169 24 318 l
202 258 559 330 conantunrua
577 277 637 334 ιιι·
680 274 871 325 uanius.
908 253 1001 328 555.
1107 253 1156 324 25

94 442 225 520 Isaura
250 427 357 540 enim
348 439 530 518 'antehac
548 445 576 543 ¹)
601 439 759 514 nimium
778 459 948 540 potens,·
943 441 1052 514 ol·im
1066 438 1160 514 sub-

21 565 23 636 l
94 547 201 623 versa
226 569 270 620 ιιι
291 517 534 624 rebellatrix
525 533 770 649 internecivo,
792 570 899 642 aegre
915 544 1061 643 vestigia
1077 539 1160 616 cla·

21 669 22 754 l
21 639 274 727 citudinis
284 649 459 751 pristinae
472 642 647 725 monstrat
659 645 863 722 admodum
880 670 1021 756 paucas:
1048 630 1190 732 Cili-3
1298 693 1302 704 ι

94 756 197 828 ciam
213 780 327 847 vero,
350 779 442 852 quae
460 750 591 852 Cydno
608 769 715 828 amne
726 747 900 842 exsultat,
929 743 1096 827 ‘seiles
1085 776 1160 824 no-·

21 889 22 906 ι
93 858 245 951 bilitat,
266 858 358 930 urbs
370 853 640 955 perspicabilis
661 853 773 954 (hanc
792 807 995 928 condidille
1003 853 1161 928 Perseus
1241 862 1243 865 ’

21 991 22 1022 2
93 980 356 1054 memoratur,
367 957 467 1033 loris
479 959 580 1032 filius
592 979 629 1032 et
641 957 811 1050 Danaes,
837 957 896 1032 rel
908 979 1008 1034 certe
1022 985 1064 1032 ex
1079 954 1189 1032 Ae

21 1111 22 1114 =
93 1064 248 1163 thiopia
264 1064 453 1180 profectus
465 1060 614 1134 Sandan
624 1058 783 1160 quidam
798 1060 961 1153 nomine,
988 1062 1052 1135 via¹
1049 1087 1161 1162 opu-

91 1167 223 1240 lentus
246 1187 285 1240 et
306 1165 457 1264 nobilis)
474 1185 511 1238 ct
526 1165 740 1242 Anazarbus
754 1164 913 1236 auctoris
938 1166 1161 1238 vocabulum

21 1325 22 1354 2
93 1271 288 1344 referens:
327 1290 364 1342 et
395 1267 667 1366 Mopsuestia,
679 1266 771 1339 vatis
801 1266 900 1339 illius
929 1261 1162 1341 domicilium

21 1367 22 1380 ¹
94 1373 245 1472 Mopli,
280 1389 433 1474 quema
462 1369 682 1444 commilitio
710 1370 1028 1468 Argonautarum,
1075 1397 1161 1444 curu

94 1503 216 1549 nureo
241 1477 379 1550 vessero
402 1473 548 1571 direpto
572 1471 753 1565 redirent,
782 1497 908 1545 errore
923 1473 1160 1567 abstractum,

93 1579 128 1676 ⁸)
145 1579 390 1690 delatumque
406 1577 453 1650 ad
466 1575 615 1662 Africae
631 1575 732 1648 littus
747 1597 846 1650 moto
860 1576 1050 1675 repentina
1062 1603 1162 1650 con·-
1206 1601 1222 1645 η

94 1679 278 1781 sumpfitz'
316 1703 352 1755 ct
373 1707 416 1754 ex
437 1708 501 1774 ec,
515 1677 674 1798 cespite
691 1679 829 1778 punico
843 1680 940 1752 tecti
934 1705 1068 1755 manes
1083 1679 1161 1754 eius

92 1785 267 1878 heroici,
314 1782 485 1858 dolorum
511 1782 678 1857 varietati
712 1779 907 1856 medentur
942 1783 1179 1882 plerumque
1279 1855 1290 1879 ,

91 1881 339 2005 lespitales.
364 1888 445 1960 Hae
474 1886 569 1961 duae
596 1886 811 1984 protiuciae
837 1885 937 1958 bello
970 1885 1193 1984 quondam4
1219 1893 1231 1937 “·

21 1981 22 1990 “
92 1991 261 2089 piratico
278 1991 431 2065 catervis
444 1990 568 2068 millae
584 1987 831 2088 praedonum,
852 2015 877 2059 a
893 1986 1053 2061 Servilio
1065 2015 1164 2086 pro

95 2093 255 2166 consule
279 2093 401 2166 millae
420 2091 658 2190 subiugum,
694 2092 812 2163 sactae
842 2087 925 2162 sunt
956 2090 1193 2188 vectigales.
1253 2172 1257 2178 ,
1348 2165 1351 2174 ,

96 2193 157 2268 Ει
170 2196 247 2266 hac
271 2194 421 2294 quidem
445 2217 612 2294 regiones
633 2193 787 2267 velutin
806 2192 1030 2292 prominenti
1043 2214 1182 2314 terra-X

21 2355 22 2362 1
98 2324 187 2370 rum
214 2297 340 2395 lingua
362 2296 521 2398 pofitae,
553 2295 651 2397 ³l³b
673 2297 764 2368 orbe
773 2295 859 2368 Eoo
875 2315 1001 2370 monte
1017 2268 1182 2380 Amano
1232 2381 1235 2388 ¹

21 2394 23 2403 ’
99 2398 381 2497 disparantur.
396 2401 579 2476 Orientis
600 2426 691 2475 vero
716 2400 856 2473 limes
846 2399 1054 2512 rnlongum
1070 2417 1161 2505 pro·
1142 2411 1205 2480 -5=
1275 2416 1281 2421 '

99 2522 229 2575 tentus
246 2524 282 2575 et
294 2524 456 2600 rectum,
484 2505 532 2577 ab
545 2498 745 2607 Euphratis
759 2489 964 2575 lltamidis
937 2503 1027 2602 rrpis
1048 2502 1166 2577 adus-

62 2696 68 2701 μ
98 2634 187 2705 qne.
183 2593 408 2703 supercilia
404 2606 603 2707 porrigitur
622 2602 723 2700 Nili,
744 2607 845 2678 laeva
861 2606 1052 2680 Saracenis
1067 2632 1167 2680 con-

97 2712 305 2783 terminans
332 2712 523 2809 gentibus,
553 2708 679 2783 dextra
707 2708 830 2809 'pelagi
858 2688 1065 2807 fragorilius
1094 2736 1167 2809 pa-

98 2833 208 2885 tens:
236 2840 345 2913 quarn
368 2816 513 2913 plagam
527 2810 728 2927 )N·icat0r
751 2812 929 2885 Seleucus
949 2834 1167 2911 occupatam

100 2916 210 2993 auxit
224 2944 397 3017 magnum
413 2920 452 2987 iu
474 2892 641 3009 anodiam,
660 2942 750 2989 eum
756 2914 845 3015 poli
860 2915 1061 2989 Alexandri
1077 2914 1167 2988 Ma
1288 2933 1290 2940 '

21 3064 22 3117 ,
102 3016 264 3092 cedonis
277 3020 420 3092 obitum
439 3018 685 3093 luccell'orio
676 3032 757 3093 rure
774 3040 916 3093 teneret
939 3046 1049 3116 regna
1071 3018 1184 3105 Per-·¹
1228 3085 1230 3090 ,

21 3126 22 3133 ’
104 3121 216 3216 lidia,
243 3123 424 3197 efficaciae
442 3122 689 3239 impetrabilis
707 3148 791 3216 rex,
808 3144 850 3193 ut
866 3120 1006 3200 rndrtat
1019 3146 1168 3219 cogno

103 3248 288 3299 mentum.
353 3219 500 3306 Abusus
542 3226 641 3299 enim
681 3174 920 3298 multitudino
959 3225 1197 3345 laominum,6

106 3357 222 3427 quam
244 3329 509 3429 tranquilliora
529 3330 639 3402 rebus
663 3327 802 3400 diutius
817 3328 929 3422 rexit,
955 3352 1003 3401 ere
1017 3326 1169 3425 agresti-

103 3433 177 3505 bus
193 3430 771 3523 habitaculisurbescoullruxit,
791 3428 917 3503 multis
940 3430 1074 3533 opibus
1096 3436 1169 3506 fir·
1211 3456 1214 3462 ·

104 3560 185 3607 mas
201 3556 239 3609 et
254 3536 419 3609 viribus:
436 3562 593 3637 quarum
616 3532 664 3607 ad
678 3486 846 3633 praeiens
863 3535 1058 3634 pleraeque
1080 3535 1169 3609 licet

106 3638 262 3711 Graecis
277 3640 490 3712 nominibus
507 3638 761 3738 adpellentur,
784 3662 877 3735 quae
892 3634 1025 3710 iisdem
1040 3635 1088 3709 ad
1103 3664 1169 3711 ar·

106 3740 264 3817 bitrium
277 3740 473 3841 impolita
461 3740 538 3822 lunt
560 3738 778 3837 conditoris,
801 3739 1030 3848 primogenia
1046 3760 1170 3814 tamen
1265 3774 1269 3783 ¹

146 4022 174 4089 ι)
195 4018 248 4073 ΜΓ.
272 4020 395 4077 namium
419 4038 526 4097 potens
566 4022 596 4094 a)
616 4020 655 4076 al.
677 4016 798 4075 delatum
818 4017 863 4075 ad.
903 4026 932 4095 3)
950 4018 1003 4075 ΜΓ.
1031 4018 1064 4074 ab
1095 4019 1172 4120 urlro.

111 4089 146 4158 4)
167 4090 208 4145 al.
227 4090 359 4150 Nicanor
