2850 4750
846 159 851 188 l

91 295 356 414 1ἰιιιιιιιι
379 326 488 384 usn.
518 333 577 382 nr
608 331 833 384 entorses.
886 311 975 406 371.
1053 315 1156 420 '609
1208 332 1214 338 ·

90 499 350 617 raptabamus,
369 498 478 598 paria
486 471 653 573 convivis
666 498 785 574 sicuti
806 489 974 594 Dionyfii
991 501 1154 602 pavitan-

9 634 10 637 “
90 625 170 676 tes.
194 603 277 700 qui,
299 601 639 710 cumepnlisomni
658 597 877 676 tristioribus
896 605 991 676 farno
1015 603 1152 702 l'a'gina

90 725 241 796 rentur,
264 694 475 778 exlituimis'
492 703 704 778 domorum
709 705 964 825 laqueariis,
955 733 993 778 ιιι
1004 708 1151 832 quibus
1247 763 1248 768 ι
1301 757 1310 800 ⁴

92 809 395 900 discumbebant,
424 806 508 880 letis
535 833 647 881 nexos
670 805 814 907 equinis
836 822 873 882 ‘et
895 787 1082 910 occipitiis
1098 809 1154 944 ἱιι-Ι
1287 827 1288 830 ’

90 912 311 985 cumbeutes
327 907 468 1008 gladios
486 911 810 1009 perhorrebant.

141 1013 278 1094 Tunc
295 1034 332 1086 et
346 1013 531 1091 Baffianus
548 1037 750 1130 procerum
778 1041 910 1113 genere
930 1036 1073 1106 uatus,
1086 1028 1183 1097 ιιι-5

88 1119 205 1202 tarius
220 1116 401 1188 militans
392 1138 488 1189 mter
501 1117 658 1213 primos,
680 1115 779 1216 quali
795 1118 1033 1217 praenoscere
1047 1117 1151 1191 altio·

91 1249 132 1294 ra
148 1241 322 1311 conatus,
347 1219 435 1292 licet
446 1217 524 1317 ipse
540 1217 586 1292 de
600 1221 775 1318 qualitpte
790 1239 910 1319 partus
924 1223 1048 1296 uxoris
1063 1247 1152 1294 con·
1199 1288 1200 1297 ,
1246 1263 1248 1270 >

87 1321 236 1399 suluille
257 1326 436 1415 firmaret,
468 1321 664 1398 ambitioso
682 1323 986 1399 nocellitudiuum
1000 1323 1148 1417 stadie,
1192 1319 1195 1324 ’

91 1427 229 1526 quibus
242 1427 445 1525 tegebatur,
470 1445 590 1500 morte
599 1447 758 1528 ereptus,
781 1427 1013 1542 patrimonio
1019 1427 1149 1527 opimo

90 1549 220 1623 exutus
239 1530 313 1604 est.

165 1633 268 1707 Inter
288 1624 452 1733 fragores
477 1653 534 1708 tot
557 1635 754 1708 ruinarum
773 1630 1021 1721 Heliodorus,
1041 1619 1180 1724 tarta-6
1274 1628 1280 1668 ³
1375 1705 1379 1716 ,

88 1761 178 1812 reus
187 1737 251 1810 1llc
266 1738 448 1810 malorum
467 1739 633 1811 omnium
648 1765 734 1812 cum
748 1733 913 1808 Palladio
935 1737 1146 1828 fabricator,
1279 1727 1282 1738 ’

88 1834 392 1936 mathematicus,
418 1863 460 1913 ut
483 1865 664 1915 memorat
684 1841 839 1937 uulgus,
870 1839 1068 1936 colloquiis
1103 1863 1146 1910 ex
1248 1854 1262 1874 ²
1317 1865 1319 1869 ·

89 1944 192 2016 aula
196 1944 293 2041 regia
320 1953 626 2064 praepigneratus
642 1942 834 2031 abstrusas,
871 1942 944 2014 iam
972 1941 1146 2016 funebres
1286 2025 1290 2032 ,

89 2047 239 2119 aculeos
258 2045 485 2143 exsertahat,
489 2050 612 2130 omui
641 2045 914 2134 humanitatis
904 2047 1147 2118 invitamento
1201 2062 1224 2124 ¹.

61 2147 139 2220 *ad
158 2147 375 2248 prodenda,
410 2174 503 2249 qnae
527 2151 635 2224 sciret
657 2153 718 2223 vel
748 2154 922 2246 fingeret,
956 2147 1144 2220 laceffitus.

41 2313 48 2330 .
90 2251 188 2325 Nam
205 2273 242 2325 et
255 2249 448 2337 sollicitius
463 2255 550 2326 cibo
566 2252 1031 2343 muudillintolovebatur,
1051 2274 1087 2324 et
1098 2251 1177 2334 ad?
1199 2317 1202 2326 ,
1229 2287 1235 2296 ·

90 2353 322 2453 largiendum
361 2357 558 2456 pellicibus
609 2359 775 2431 metebat
818 2382 892 2429 aes
922 2354 1148 2429 collaticium
1214 2376 1217 2387 “

93 2484 214 2556 grave,
238 2480 276 2532 et
292 2458 486 2543 incedebat
490 2460 624 2560 pallim
637 2460 668 2562 ⁶)
685 2476 725 2534 ao
744 2462 816 2533 late
831 2486 873 2535 os
886 2458 1149 2549 circumferens

93 2559 321 2657 vultuosum,
364 2564 611 2663 omnibusque
647 2562 888 2647 formidatum
935 2588 995 2637 ea
1010 2563 1150 2635 fiducia

91 2662 287 2758 sublatius,
313 2666 418 2765 quod
433 2666 481 2739 ad
494 2669 666 2766 lupanar,
688 2696 783 2767 quo,
810 2666 902 2739 ficut
921 2663 998 2765 ipl'e
1004 2664 1200 2759 voluit,

87 2764 244 2839 liberius
258 2767 484 2865 servabatur,
509 2772 743 2843 cubiculariis
762 2771 892 2844 officiis
908 2767 1147 2867 praepolitus,
1203 2802 1238 2831 01

90 2868 238 2943 adfidue
254 2872 444 2969 propalam
457 2876 680 2967 vent-itabat,
699 2874 818 2973 elogia
832 2872 990 2972 parentis
1006 2871 1148 2981 publici

88 2975 304 3070 praeferens
323 2976 446 3047 sutura
471 2976 642 3073 pluribus
661 2972 836 3049 luctuosa.
895 2974 1056 3072 Perque
1062 2968 1178 3091 eume

89 3098 131 3148 ut
148 3076 347 3149 forenlium
367 3077 556 3152 causarum
578 3101 797 3177 patronum,
831 3076 961 3177 qitid
951 3102 991 3149 tn
1016 3077 1147 3177 primis

91 3178 266 3253 orationis
298 3180 465 3280 partibus
503 3182 723 3276 collocaret,
757 3202 800 3255 ιιι
830 3183 1013 3281 proficere
1039 3178 1147 3278 poffit
1238 3198 1242 3207 '

88 3282 231 3355 facilius
246 3284 281 3382 ⁷)
291 3285 450 3378 Valens,
487 3282 666 3391 quibusve
693 3289 892 3385 figurarum
926 3302 1145 3374 commeans

87 3383 277 3483 splendida
290 3388 371 3461 loca
386 3408 562 3488 attentare
581 3373 733 3483 debeat,
758 3384 1081 3506 praemondhatur.
1145 3436 1147 3443 ι
1210 3470 1220 3480 ⁶
1414 3474 1417 3484 Ι

25 3568 36 3577 .
163 3488 211 3561 Et
225 3516 401 3589 quomam
414 3491 566 3589 longum
582 3492 632 3565 est
652 3518 748 3591 quac
763 3491 962 3569 cruciarius
978 3491 1041 3563 ille
1057 3488 1173 3581 con-9
1350 3504 1368 3541 ⁴·

77 3592 195 3664 'flavit
199 3592 306 3685 ,hoc
321 3621 441 3667 unum
452 3594 662 3688 edill'erem,
687 3622 799 3695 quam
820 3593 1013 3693 praecipiti
1002 3592 1169 3665 confi-
1257 3588 1259 3599 ’

10 3758 14 3765 .
90 3694 263 3767 dentis
235 3698 448 3791 patriciatus
467 3698 654 3772 columina
673 3696 751 3797 ipsa
773 3695 940 3797 pulsavit.
1000 3694 1082 3781 Qui
1101 3722 1143 3768 ex

90 3796 346 3893 clandestinis,
362 3821 405 3871 ut
420 3800 561 3874 dictum
574 3801 642 3896 cll,
671 3802 858 3901 regiorum
878 3794 1145 3889 confabulatio·

90 3900 222 3972 uibus
210 3901 419 3976 immaniter
431 3907 618 4003 arrogans,
641 3926 679 3978 et
694 3902 771 4004 ipsa
786 3904 924 3978 vilitate
940 3902 989 3978 ad
1002 3902 1143 3975 saciatus
1199 3932 1202 3939 ·
1251 3966 1261 3981 ,

5 4013 9 4024 ⁴
93 4030 199 4078 omne
215 4005 374 4100 venalis,
403 4009 592 4106 egregium
612 4006 707 4083 illud
730 4034 796 4108 par
820 4004 1021 4084 conlblum
1032 3984 1145 4078 Eule-

302 4164 514 4187 h--n——a-

61 4326 72 4346 .
113 4252 155 4323 s)
175 4250 227 4306 Ml.
250 4271 282 4305 ac
301 4249 363 4307 late.
403 4255 431 4325 7)
449 4251 554 4344 ma?
576 4234 674 4308 velera.
698 4286 702 4293 ι
