<?xml version="1.0" encoding="UTF-8"?>
<!DOCTYPE html PUBLIC "-//W3C//DTD XHTML 1.0 Transitional//EN"
    "http://www.w3.org/TR/xhtml1/DTD/xhtml1-transitional.dtd">
<html xmlns="http://www.w3.org/1999/xhtml" xml:lang="en" lang="en">
 <head>
  <title>
</title>
<meta http-equiv="Content-Type" content="text/html;charset=utf-8" />
  <meta name='ocr-system' content='tesseract 3.04.00' />
  <meta name='ocr-capabilities' content='ocr_page ocr_carea ocr_par ocr_line ocrx_word'/>
</head>
<body>
  <div class='ocr_page' id='page_1' title='image "ammianimarcelli01lindgoog_0573.png"; bbox 0 0 2850 4750; ppageno 0'>
   <div class='ocr_carea' id='block_1_1' title="bbox 98 230 1220 359">
    <p class='ocr_par' dir='ltr' id='par_1_1' title="bbox 98 230 1220 359">
     <span class='ocr_line' id='line_1_1' title="bbox 98 230 1220 359; baseline 0.006 -27"><span class='ocrx_word' id='word_1_1' title='bbox 98 264 101 269; x_wconf 83' lang='lat'>&#39;</span> <span class='ocrx_word' id='word_1_2' title='bbox 147 230 874 342; x_wconf 23' lang='lat' dir='ltr'>venenariis-,nsviunua-a,</span> <span class='ocrx_word' id='word_1_3' title='bbox 925 262 1014 354; x_wconf 75' lang='lat'><strong>575.</strong></span> <span class='ocrx_word' id='word_1_4' title='bbox 1074 234 1158 359; x_wconf 69' lang='grc'><strong>,167</strong></span> <span class='ocrx_word' id='word_1_5' title='bbox 1218 313 1220 318; x_wconf 92' lang='grc'>-</span> 
     </span>
    </p>
   </div>
   <div class='ocr_carea' id='block_1_2' title="bbox 14 435 1410 4039">
    <p class='ocr_par' dir='ltr' id='par_1_2' title="bbox 14 435 1410 4039">
     <span class='ocr_line' id='line_1_2' title="bbox 92 435 1260 565; baseline 0.005 -46"><span class='ocrx_word' id='word_1_6' title='bbox 92 466 274 562; x_wconf 75' lang='lat' dir='ltr'>pompte.</span> <span class='ocrx_word' id='word_1_7' title='bbox 310 444 563 523; x_wconf 86' lang='lat' dir='ltr'>Inhominum</span> <span class='ocrx_word' id='word_1_8' title='bbox 578 468 700 521; x_wconf 85' lang='lat' dir='ltr'>autem</span> <span class='ocrx_word' id='word_1_9' title='bbox 724 449 842 565; x_wconf 69' lang='lat' dir='ltr'>ligura</span> <span class='ocrx_word' id='word_1_10' title='bbox 860 447 948 523; x_wconf 83' lang='lat' dir='ltr'>licet</span> <span class='ocrx_word' id='word_1_11' title='bbox 972 435 1260 546; x_wconf 77' lang='lat' dir='ltr'>⁴)insuaui3</span> 
     </span>
     <span class='ocr_line' id='line_1_3' title="bbox 91 547 1204 664; baseline 0.004 -42"><span class='ocrx_word' id='word_1_12' title='bbox 91 548 145 643; x_wconf 74' lang='lat' dir='ltr'>ita</span> <span class='ocrx_word' id='word_1_13' title='bbox 157 547 231 643; x_wconf 84' lang='grc' dir='ltr'><strong>ι111</strong></span> <span class='ocrx_word' id='word_1_14' title='bbox 251 549 333 621; x_wconf 85' lang='lat' dir='ltr'>sunt</span> <span class='ocrx_word' id='word_1_15' title='bbox 356 547 491 647; x_wconf 83' lang='lat' dir='ltr'>asperi,</span> <span class='ocrx_word' id='word_1_16' title='bbox 526 570 567 643; x_wconf 85' lang='lat' dir='ltr'>ut</span> <span class='ocrx_word' id='word_1_17' title='bbox 588 578 708 651; x_wconf 84' lang='lat' dir='ltr'>neque</span> <span class='ocrx_word' id='word_1_18' title='bbox 725 551 819 648; x_wconf 84' lang='lat' dir='ltr'>igni,</span> <span class='ocrx_word' id='word_1_19' title='bbox 844 574 973 662; x_wconf 77' lang='lat' dir='ltr'>neque</span> <span class='ocrx_word' id='word_1_20' title='bbox 979 550 1204 664; x_wconf 77' lang='lat' dir='ltr'>saporatis</span> 
     </span>
     <span class='ocr_line' id='line_1_4' title="bbox 91 630 1320 771; baseline 0.01 -50"><span class='ocrx_word' id='word_1_21' title='bbox 91 630 283 749; x_wconf 73' lang='lat' dir='ltr'>indigeant</span> <span class='ocrx_word' id='word_1_22' title='bbox 305 652 419 745; x_wconf 77' lang='lat' dir='ltr'>cinis,</span> <span class='ocrx_word' id='word_1_23' title='bbox 442 653 517 725; x_wconf 74' lang='lat' dir='ltr'>‘&#39;l&#39;ed</span> <span class='ocrx_word' id='word_1_24' title='bbox 538 633 722 771; x_wconf 78' lang='lat' dir='ltr'>radicibus</span> <span class='ocrx_word' id='word_1_25' title='bbox 741 652 950 729; x_wconf 82' lang='lat' dir='ltr'>herbarum</span> <span class='ocrx_word' id='word_1_26' title='bbox 962 651 1206 764; x_wconf 73' lang='lat' dir='ltr'>agrestium</span> <span class='ocrx_word' id='word_1_27' title='bbox 1266 712 1268 715; x_wconf 92' lang='lat'><em>-</em></span> <span class='ocrx_word' id='word_1_28' title='bbox 1317 669 1320 676; x_wconf 80' lang='grc'><strong>“</strong></span> 
     </span>
     <span class='ocr_line' id='line_1_5' title="bbox 92 749 1155 859; baseline 0.007 -32"><span class='ocrx_word' id='word_1_29' title='bbox 92 775 130 827; x_wconf 91' lang='lat' dir='ltr'>et</span> <span class='ocrx_word' id='word_1_30' title='bbox 143 752 351 831; x_wconf 79' lang='lat' dir='ltr'><strong>semicruda</strong></span> <span class='ocrx_word' id='word_1_31' title='bbox 365 757 525 827; x_wconf 86' lang='lat' dir='ltr'>cuiusvis</span> <span class='ocrx_word' id='word_1_32' title='bbox 540 749 683 853; x_wconf 81' lang='lat' dir='ltr'>pecoris</span> <span class='ocrx_word' id='word_1_33' title='bbox 696 783 806 833; x_wconf 87' lang='lat' dir='ltr'>carne</span> <span class='ocrx_word' id='word_1_34' title='bbox 824 755 1033 853; x_wconf 79' lang='lat' dir='ltr'>vescuntur,</span> <span class='ocrx_word' id='word_1_35' title='bbox 1044 788 1155 859; x_wconf 85' lang='lat' dir='ltr'>quam</span> 
     </span>
     <span class='ocr_line' id='line_1_6' title="bbox 88 842 1155 959; baseline 0.009 -30"><span class='ocrx_word' id='word_1_36' title='bbox 88 856 189 949; x_wconf 87' lang='lat' dir='ltr'>inter</span> <span class='ocrx_word' id='word_1_37' title='bbox 205 858 345 932; x_wconf 84' lang='lat' dir='ltr'>femora</span> <span class='ocrx_word' id='word_1_38' title='bbox 356 842 424 931; x_wconf 82' lang='lat' dir='ltr'>sun</span> <span class='ocrx_word' id='word_1_39' title='bbox 445 878 481 931; x_wconf 86' lang='lat' dir='ltr'>et</span> <span class='ocrx_word' id='word_1_40' title='bbox 504 886 685 958; x_wconf 83' lang='lat' dir='ltr'>equorum</span> <span class='ocrx_word' id='word_1_41' title='bbox 706 881 806 959; x_wconf 84' lang='lat' dir='ltr'>terga</span> <span class='ocrx_word' id='word_1_42' title='bbox 827 858 1046 957; x_wconf 70' lang='lat' dir='ltr'>fulsuram,</span> <span class='ocrx_word' id='word_1_43' title='bbox 1070 864 1155 939; x_wconf 75' lang='lat' dir='ltr'>fotu</span> 
     </span>
     <span class='ocr_line' id='line_1_7' title="bbox 88 942 1248 1065; baseline 0.006 -32"><span class='ocrx_word' id='word_1_44' title='bbox 88 942 313 1037; x_wconf 80' lang='lat' dir='ltr'>calefaciunt</span> <span class='ocrx_word' id='word_1_45' title='bbox 335 961 450 1035; x_wconf 86' lang='lat' dir='ltr'>brevi.</span> <span class='ocrx_word' id='word_1_46' title='bbox 513 960 708 1057; x_wconf 77' lang='lat' dir='ltr'>Aedificiis</span> <span class='ocrx_word' id='word_1_47' title='bbox 728 965 838 1037; x_wconf 89' lang='lat' dir='ltr'>nullis</span> <span class='ocrx_word' id='word_1_48' title='bbox 854 992 1030 1065; x_wconf 81' lang='lat' dir='ltr'>umquam</span> <span class='ocrx_word' id='word_1_49' title='bbox 1043 967 1152 1041; x_wconf 83' lang='lat' dir='ltr'>teeti·</span> <span class='ocrx_word' id='word_1_50' title='bbox 1145 966 1248 1059; x_wconf 98' lang='grc'><em>4</em></span> 
     </span>
     <span class='ocr_line' id='line_1_8' title="bbox 86 1048 1227 1167; baseline 0.007 -32"><span class='ocrx_word' id='word_1_51' title='bbox 86 1060 156 1135; x_wconf 82' lang='lat' dir='ltr'>sed</span> <span class='ocrx_word' id='word_1_52' title='bbox 177 1062 269 1137; x_wconf 87' lang='lat' dir='ltr'>haec</span> <span class='ocrx_word' id='word_1_53' title='bbox 290 1064 390 1137; x_wconf 85' lang='lat' dir='ltr'>velut</span> <span class='ocrx_word' id='word_1_54' title='bbox 410 1066 456 1139; x_wconf 86' lang='lat' dir='ltr'>ab</span> <span class='ocrx_word' id='word_1_55' title='bbox 479 1050 547 1141; x_wconf 80' lang='lat' dir='ltr'>usn</span> <span class='ocrx_word' id='word_1_56' title='bbox 566 1067 756 1139; x_wconf 89' lang='lat' dir='ltr'>communi</span> <span class='ocrx_word' id='word_1_57' title='bbox 781 1066 956 1143; x_wconf 84' lang='lat' dir='ltr'>discreta</span> <span class='ocrx_word' id='word_1_58' title='bbox 953 1048 1203 1167; x_wconf 78' lang='lat' dir='ltr'>sepulchra</span> <span class='ocrx_word' id='word_1_59' title='bbox 1204 1104 1227 1122; x_wconf 57' lang='grc'>·’</span> 
     </span>
     <span class='ocr_line' id='line_1_9' title="bbox 90 1153 1163 1285; baseline 0.011 -50"><span class='ocrx_word' id='word_1_60' title='bbox 90 1153 288 1257; x_wconf 86' lang='lat' dir='ltr'>declinant.</span> <span class='ocrx_word' id='word_1_61' title='bbox 335 1165 447 1285; x_wconf 64' lang='lat' dir='ltr'>blec</span> <span class='ocrx_word' id='word_1_62' title='bbox 440 1168 537 1241; x_wconf 86' lang='lat' dir='ltr'>enim</span> <span class='ocrx_word' id='word_1_63' title='bbox 560 1167 660 1266; x_wconf 87' lang='lat' dir='ltr'>apud</span> <span class='ocrx_word' id='word_1_64' title='bbox 678 1195 746 1243; x_wconf 82' lang='lat' dir='ltr'>eos</span> <span class='ocrx_word' id='word_1_65' title='bbox 775 1165 836 1244; x_wconf 81' lang='lat' dir='ltr'>vel</span> <span class='ocrx_word' id='word_1_66' title='bbox 859 1171 1038 1246; x_wconf 88' lang='lat' dir='ltr'>arundine</span> <span class='ocrx_word' id='word_1_67' title='bbox 1056 1173 1163 1267; x_wconf 72' lang='lat' dir='ltr'>fasti.</span> 
     </span>
     <span class='ocr_line' id='line_1_10' title="bbox 88 1264 1231 1389; baseline 0.009 -48"><span class='ocrx_word' id='word_1_68' title='bbox 88 1288 215 1365; x_wconf 79' lang='lat' dir='ltr'>gaturn</span> <span class='ocrx_word' id='word_1_69' title='bbox 230 1264 384 1367; x_wconf 84' lang='lat' dir='ltr'>reperiri</span> <span class='ocrx_word' id='word_1_70' title='bbox 399 1271 586 1365; x_wconf 83' lang='lat' dir='ltr'>tugurium</span> <span class='ocrx_word' id='word_1_71' title='bbox 600 1272 740 1389; x_wconf 81' lang='lat' dir='ltr'>potest.</span> <span class='ocrx_word' id='word_1_72' title='bbox 800 1274 877 1346; x_wconf 85' lang='lat' dir='ltr'>Sed</span> <span class='ocrx_word' id='word_1_73' title='bbox 902 1274 984 1373; x_wconf 81' lang='lat' dir='ltr'>vagi</span> <span class='ocrx_word' id='word_1_74' title='bbox 1006 1298 1152 1362; x_wconf 84' lang='lat' dir='ltr'>montes</span> <span class='ocrx_word' id='word_1_75' title='bbox 1228 1367 1231 1370; x_wconf 7' lang='grc'><strong>1</strong></span> 
     </span>
     <span class='ocr_line' id='line_1_11' title="bbox 86 1371 1151 1486; baseline 0.013 -43"><span class='ocrx_word' id='word_1_76' title='bbox 86 1392 323 1486; x_wconf 80' lang='lat' dir='ltr'>peragrantes</span> <span class='ocrx_word' id='word_1_77' title='bbox 348 1392 386 1445; x_wconf 90' lang='lat' dir='ltr'>et</span> <span class='ocrx_word' id='word_1_78' title='bbox 414 1371 538 1461; x_wconf 78' lang='lat' dir='ltr'>lilvas,</span> <span class='ocrx_word' id='word_1_79' title='bbox 581 1375 750 1471; x_wconf 80' lang='lat' dir='ltr'>pruinas,</span> <span class='ocrx_word' id='word_1_80' title='bbox 787 1376 945 1466; x_wconf 81' lang='lat' dir='ltr'>samem,</span> <span class='ocrx_word' id='word_1_81' title='bbox 979 1377 1151 1473; x_wconf 71' lang='lat' dir='ltr'>[irimque</span> 
     </span>
     <span class='ocr_line' id='line_1_12' title="bbox 86 1471 1194 1575; baseline 0.006 -30"><span class='ocrx_word' id='word_1_82' title='bbox 86 1471 252 1572; x_wconf 86' lang='lat' dir='ltr'>perferre</span> <span class='ocrx_word' id='word_1_83' title='bbox 270 1473 562 1569; x_wconf 83' lang='lat' dir='ltr'>abincunabulis</span> <span class='ocrx_word' id='word_1_84' title='bbox 585 1475 811 1573; x_wconf 80' lang='lat' dir='ltr'>adsuescunt</span> <span class='ocrx_word' id='word_1_85' title='bbox 846 1478 1029 1575; x_wconf 84' lang='lat' dir='ltr'>Peregre</span> <span class='ocrx_word' id='word_1_86' title='bbox 1045 1499 1194 1575; x_wconf 87' lang='lat' dir='ltr'>tecta</span> 
     </span>
     <span class='ocr_line' id='line_1_13' title="bbox 85 1557 1266 1674; baseline 0.01 -27"><span class='ocrx_word' id='word_1_87' title='bbox 85 1575 156 1647; x_wconf 90' lang='lat' dir='ltr'>nili</span> <span class='ocrx_word' id='word_1_88' title='bbox 175 1574 344 1674; x_wconf 75' lang='lat' dir='ltr'>adigente</span> <span class='ocrx_word' id='word_1_89' title='bbox 371 1578 527 1667; x_wconf 84' lang='lat' dir='ltr'>maxima</span> <span class='ocrx_word' id='word_1_90' title='bbox 548 1557 753 1655; x_wconf 80' lang='lat' dir='ltr'>neoellitate</span> <span class='ocrx_word' id='word_1_91' title='bbox 773 1600 849 1653; x_wconf 85' lang='lat' dir='ltr'>non</span> <span class='ocrx_word' id='word_1_92' title='bbox 872 1579 1050 1655; x_wconf 80' lang='lat' dir='ltr'>subeunt:</span> <span class='ocrx_word' id='word_1_93' title='bbox 1080 1606 1196 1657; x_wconf 83' lang='lat' dir='ltr'>nec</span> <span class='ocrx_word' id='word_1_94' title='bbox 1262 1626 1266 1644; x_wconf 63' lang='grc' dir='ltr'>ι</span> 
     </span>
     <span class='ocr_line' id='line_1_14' title="bbox 88 1658 1192 1777; baseline 0.006 -26"><span class='ocrx_word' id='word_1_95' title='bbox 88 1679 190 1753; x_wconf 86' lang='lat' dir='ltr'>enim</span> <span class='ocrx_word' id='word_1_96' title='bbox 211 1677 311 1777; x_wconf 90' lang='lat' dir='ltr'>apud</span> <span class='ocrx_word' id='word_1_97' title='bbox 341 1704 406 1751; x_wconf 84' lang='lat' dir='ltr'>eos</span> <span class='ocrx_word' id='word_1_98' title='bbox 425 1658 572 1777; x_wconf 81' lang='lat' dir='ltr'>securos</span> <span class='ocrx_word' id='word_1_99' title='bbox 602 1678 805 1773; x_wconf 81' lang='lat' dir='ltr'>existimant</span> <span class='ocrx_word' id='word_1_100' title='bbox 832 1680 901 1759; x_wconf 81' lang='lat' dir='ltr'>elle</span> <span class='ocrx_word' id='word_1_101' title='bbox 928 1680 998 1756; x_wconf 82' lang='lat' dir='ltr'>sub</span> <span class='ocrx_word' id='word_1_102' title='bbox 1030 1682 1192 1757; x_wconf 84' lang='lat' dir='ltr'>tectis.¹</span> 
     </span>
     <span class='ocr_line' id='line_1_15' title="bbox 85 1766 1185 1881; baseline 0.008 -27"><span class='ocrx_word' id='word_1_103' title='bbox 85 1780 323 1872; x_wconf 80' lang='lat' dir='ltr'>Indumentis</span> <span class='ocrx_word' id='word_1_104' title='bbox 336 1777 555 1878; x_wconf 78' lang='lat' dir='ltr'>operiuntur</span> <span class='ocrx_word' id='word_1_105' title='bbox 565 1766 709 1873; x_wconf 81' lang='lat' dir='ltr'>linteis,</span> <span class='ocrx_word' id='word_1_106' title='bbox 734 1782 794 1853; x_wconf 87' lang='lat' dir='ltr'>vel</span> <span class='ocrx_word' id='word_1_107' title='bbox 807 1808 850 1855; x_wconf 85' lang='lat' dir='ltr'>ex</span> <span class='ocrx_word' id='word_1_108' title='bbox 865 1785 1025 1881; x_wconf 76' lang='lat' dir='ltr'>pellibus</span> <span class='ocrx_word' id='word_1_109' title='bbox 1046 1783 1149 1859; x_wconf 84' lang='lat' dir='ltr'>lilve</span> <span class='ocrx_word' id='word_1_110' title='bbox 1163 1792 1185 1863; x_wconf 82' lang='lat'><strong><em>5</em></strong></span> 
     </span>
     <span class='ocr_line' id='line_1_16' title="bbox 85 1876 1148 1971; baseline -0.005 -15"><span class='ocrx_word' id='word_1_111' title='bbox 85 1876 177 1956; x_wconf 85' lang='grc'>11(</span> <span class='ocrx_word' id='word_1_112' title='bbox 137 1912 215 1957; x_wconf 87' lang='lat' dir='ltr'>mm</span> <span class='ocrx_word' id='word_1_113' title='bbox 228 1884 389 1957; x_wconf 88' lang='lat' dir='ltr'>murium</span> <span class='ocrx_word' id='word_1_114' title='bbox 409 1878 682 1955; x_wconf 76' lang='lat' dir='ltr'>consarcinatis:</span> <span class='ocrx_word' id='word_1_115' title='bbox 703 1910 772 1959; x_wconf 86' lang='lat' dir='ltr'>nec</span> <span class='ocrx_word' id='word_1_116' title='bbox 795 1881 861 1971; x_wconf 83' lang='lat' dir='ltr'>alia</span> <span class='ocrx_word' id='word_1_117' title='bbox 876 1880 957 1953; x_wconf 88' lang='lat' dir='ltr'>illis</span> <span class='ocrx_word' id='word_1_118' title='bbox 979 1877 1148 1968; x_wconf 80' lang='lat' dir='ltr'>domesti-</span> 
     </span>
     <span class='ocr_line' id='line_1_17' title="bbox 85 1971 1148 2077; baseline -0.004 -18"><span class='ocrx_word' id='word_1_119' title='bbox 85 2014 131 2059; x_wconf 87' lang='lat' dir='ltr'>ca</span> <span class='ocrx_word' id='word_1_120' title='bbox 154 1985 258 2059; x_wconf 70' lang='lat' dir='ltr'>sestis</span> <span class='ocrx_word' id='word_1_121' title='bbox 283 1986 352 2077; x_wconf 87' lang='lat' dir='ltr'>est,</span> <span class='ocrx_word' id='word_1_122' title='bbox 385 1971 454 2057; x_wconf 84' lang='lat' dir='ltr'>alia</span> <span class='ocrx_word' id='word_1_123' title='bbox 467 1972 637 2077; x_wconf 81' lang='grc' dir='ltr'>1οιιιιι1ξε.</span> <span class='ocrx_word' id='word_1_124' title='bbox 698 1982 775 2061; x_wconf 86' lang='lat' dir='ltr'>Sed</span> <span class='ocrx_word' id='word_1_125' title='bbox 788 1984 910 2063; x_wconf 82' lang='lat' dir='ltr'>semel</span> <span class='ocrx_word' id='word_1_126' title='bbox 917 1972 1073 2066; x_wconf 78' lang='lat' dir='ltr'>obsoleti</span> <span class='ocrx_word' id='word_1_127' title='bbox 1082 2008 1148 2062; x_wconf 86' lang='lat' dir='ltr'>co</span> 
     </span>
     <span class='ocr_line' id='line_1_18' title="bbox 84 2062 1149 2187; baseline -0.006 -24"><span class='ocrx_word' id='word_1_128' title='bbox 84 2088 177 2163; x_wconf 88' lang='lat' dir='ltr'>loris</span> <span class='ocrx_word' id='word_1_129' title='bbox 199 2088 327 2164; x_wconf 89' lang='lat' dir='ltr'>tunica</span> <span class='ocrx_word' id='word_1_130' title='bbox 347 2088 446 2160; x_wconf 88' lang='lat' dir='ltr'>collo</span> <span class='ocrx_word' id='word_1_131' title='bbox 467 2062 611 2160; x_wconf 73' lang='lat' dir='ltr'>inlecta</span> <span class='ocrx_word' id='word_1_132' title='bbox 635 2112 715 2160; x_wconf 89' lang='lat' dir='ltr'>non</span> <span class='ocrx_word' id='word_1_133' title='bbox 746 2109 829 2161; x_wconf 89' lang='lat' dir='ltr'>ante</span> <span class='ocrx_word' id='word_1_134' title='bbox 859 2084 1057 2187; x_wconf 80' lang='lat' dir='ltr'>deponitur</span> <span class='ocrx_word' id='word_1_135' title='bbox 1083 2105 1149 2158; x_wconf 82' lang='lat' dir='ltr'>aut</span> 
     </span>
     <span class='ocr_line' id='line_1_19' title="bbox 23 2115 1149 2307; baseline 0 -44"><span class='ocrx_word' id='word_1_136' title='bbox 23 2226 25 2235; x_wconf 68' lang='lat'>,</span> <span class='ocrx_word' id='word_1_137' title='bbox 86 2212 272 2285; x_wconf 82' lang='lat' dir='ltr'>mutatur,</span> <span class='ocrx_word' id='word_1_138' title='bbox 300 2217 409 2290; x_wconf 88' lang='lat' dir='ltr'>qnam</span> <span class='ocrx_word' id='word_1_139' title='bbox 423 2186 596 2261; x_wconf 87' lang='lat' dir='ltr'>diuturna</span> <span class='ocrx_word' id='word_1_140' title='bbox 611 2189 705 2264; x_wconf 90' lang='lat' dir='ltr'>carie</span> <span class='ocrx_word' id='word_1_141' title='bbox 723 2191 763 2263; x_wconf 94' lang='lat' dir='ltr'>in</span> <span class='ocrx_word' id='word_1_142' title='bbox 783 2115 964 2307; x_wconf 79' lang='lat' dir='ltr'>pannulos</span> <span class='ocrx_word' id='word_1_143' title='bbox 987 2168 1149 2263; x_wconf 62' lang='lat' dir='ltr'>defluxu</span> 
     </span>
     <span class='ocr_line' id='line_1_20' title="bbox 86 2288 1264 2392; baseline -0.003 -27"><span class='ocrx_word' id='word_1_144' title='bbox 86 2291 138 2366; x_wconf 89' lang='grc' dir='ltr'>ι1ι</span> <span class='ocrx_word' id='word_1_145' title='bbox 158 2291 364 2367; x_wconf 71' lang='lat' dir='ltr'>defrudata⁸</span> <span class='ocrx_word' id='word_1_146' title='bbox 425 2291 599 2367; x_wconf 86' lang='lat' dir='ltr'>Galeris</span> <span class='ocrx_word' id='word_1_147' title='bbox 589 2320 753 2371; x_wconf 80' lang='lat' dir='ltr'>incurvis</span> <span class='ocrx_word' id='word_1_148' title='bbox 768 2314 889 2391; x_wconf 76' lang='lat' dir='ltr'>capita</span> <span class='ocrx_word' id='word_1_149' title='bbox 904 2312 1067 2392; x_wconf 74' lang='lat' dir='ltr'>tegunt</span> <span class='ocrx_word' id='word_1_150' title='bbox 1072 2288 1180 2363; x_wconf 76' lang='lat' dir='ltr'>hir-t</span> <span class='ocrx_word' id='word_1_151' title='bbox 1263 2315 1264 2320; x_wconf 51' lang='lat'>¹</span> 
     </span>
     <span class='ocr_line' id='line_1_21' title="bbox 85 2394 1150 2494; baseline -0.001 -24"><span class='ocrx_word' id='word_1_152' title='bbox 85 2395 167 2470; x_wconf 87' lang='lat' dir='ltr'>suta</span> <span class='ocrx_word' id='word_1_153' title='bbox 195 2417 301 2478; x_wconf 81' lang='lat' dir='ltr'>cruta</span> <span class='ocrx_word' id='word_1_154' title='bbox 329 2394 440 2470; x_wconf 88' lang='lat' dir='ltr'>coriis</span> <span class='ocrx_word' id='word_1_155' title='bbox 469 2397 675 2494; x_wconf 78' lang='lat' dir='ltr'>munientes</span> <span class='ocrx_word' id='word_1_156' title='bbox 705 2394 893 2470; x_wconf 81' lang='lat' dir='ltr'>haedinis:</span> <span class='ocrx_word' id='word_1_157' title='bbox 942 2420 1150 2494; x_wconf 79' lang='lat' dir='ltr'>eorumque</span> 
     </span>
     <span class='ocr_line' id='line_1_22' title="bbox 14 2475 1233 2598; baseline 0 -26"><span class='ocrx_word' id='word_1_158' title='bbox 14 2568 18 2578; x_wconf 79' lang='grc'><em>,</em></span> <span class='ocrx_word' id='word_1_159' title='bbox 85 2500 204 2590; x_wconf 85' lang='lat' dir='ltr'>calcei</span> <span class='ocrx_word' id='word_1_160' title='bbox 227 2499 398 2584; x_wconf 81' lang='lat' dir='ltr'>formulis</span> <span class='ocrx_word' id='word_1_161' title='bbox 422 2475 535 2572; x_wconf 88' lang='lat' dir='ltr'>nullis</span> <span class='ocrx_word' id='word_1_162' title='bbox 549 2501 676 2598; x_wconf 85' lang='lat' dir='ltr'>aptati,</span> <span class='ocrx_word' id='word_1_163' title='bbox 701 2521 825 2575; x_wconf 88' lang='lat' dir='ltr'>vetant</span> <span class='ocrx_word' id='word_1_164' title='bbox 840 2499 1011 2574; x_wconf 88' lang='lat' dir='ltr'>incedere</span> <span class='ocrx_word' id='word_1_165' title='bbox 1026 2495 1233 2596; x_wconf 82' lang='lat' dir='ltr'>grelli</span> 
     </span>
     <span class='ocr_line' id='line_1_23' title="bbox 85 2599 1410 2703; baseline -0.005 -26"><span class='ocrx_word' id='word_1_166' title='bbox 85 2603 158 2678; x_wconf 85' lang='lat' dir='ltr'>bus</span> <span class='ocrx_word' id='word_1_167' title='bbox 172 2603 312 2676; x_wconf 75' lang='lat' dir='ltr'>libens</span> <span class='ocrx_word' id='word_1_168' title='bbox 364 2601 447 2691; x_wconf 83' lang='lat' dir='ltr'>Qua</span> <span class='ocrx_word' id='word_1_169' title='bbox 462 2599 627 2680; x_wconf 80' lang='lat' dir='ltr'>cauaad</span> <span class='ocrx_word' id='word_1_170' title='bbox 644 2602 846 2703; x_wconf 85' lang='lat' dir='ltr'>pedestres</span> <span class='ocrx_word' id='word_1_171' title='bbox 850 2630 982 2702; x_wconf 82' lang='lat' dir='ltr'>parum</span> <span class='ocrx_word' id='word_1_172' title='bbox 1003 2602 1158 2675; x_wconf 82' lang='lat' dir='ltr'>aecum-¹</span> <span class='ocrx_word' id='word_1_173' title='bbox 1241 2634 1245 2641; x_wconf 42' lang='lat' dir='ltr'><em>f</em></span> <span class='ocrx_word' id='word_1_174' title='bbox 1408 2680 1410 2697; x_wconf 25' lang='lat'>,</span> 
     </span>
     <span class='ocr_line' id='line_1_24' title="bbox 31 2670 1410 2806; baseline -0.004 -26"><span class='ocrx_word' id='word_1_175' title='bbox 31 2725 33 2729; x_wconf 83' lang='lat'>&#39;</span> <span class='ocrx_word' id='word_1_176' title='bbox 86 2703 232 2780; x_wconf 79' lang='lat' dir='ltr'>modatt</span> <span class='ocrx_word' id='word_1_177' title='bbox 246 2703 363 2779; x_wconf 89' lang='lat' dir='ltr'>sunt</span> <span class='ocrx_word' id='word_1_178' title='bbox 344 2732 512 2804; x_wconf 82' lang='lat' dir='ltr'>pugnas</span> <span class='ocrx_word' id='word_1_179' title='bbox 529 2733 657 2780; x_wconf 84' lang='lat' dir='ltr'>verum</span> <span class='ocrx_word' id='word_1_180' title='bbox 671 2734 775 2806; x_wconf 76' lang='lat' dir='ltr'>equis</span> <span class='ocrx_word' id='word_1_181' title='bbox 789 2726 907 2806; x_wconf 90' lang='lat' dir='ltr'>prope</span> <span class='ocrx_word' id='word_1_182' title='bbox 924 2703 1058 2797; x_wconf 73' lang='lat' dir='ltr'>odfin,</span> <span class='ocrx_word' id='word_1_183' title='bbox 1081 2670 1191 2776; x_wconf 77' lang='lat' dir='ltr'>du·¹</span> <span class='ocrx_word' id='word_1_184' title='bbox 1256 2726 1287 2805; x_wconf 69' lang='lat'>¹¹</span> <span class='ocrx_word' id='word_1_185' title='bbox 1405 2702 1410 2731; x_wconf 76' lang='lat'>&#39;²</span> 
     </span>
     <span class='ocr_line' id='line_1_25' title="bbox 14 2738 1410 2934; baseline -0.004 -51"><span class='ocrx_word' id='word_1_186' title='bbox 14 2857 15 2868; x_wconf 39' lang='grc' dir='ltr'>ι</span> <span class='ocrx_word' id='word_1_187' title='bbox 87 2809 138 2884; x_wconf 89' lang='lat' dir='ltr'>ris</span> <span class='ocrx_word' id='word_1_188' title='bbox 155 2807 329 2934; x_wconf 84' lang='lat' dir='ltr'>quidem,</span> <span class='ocrx_word' id='word_1_189' title='bbox 352 2807 419 2882; x_wconf 84' lang='lat' dir='ltr'>sed</span> <span class='ocrx_word' id='word_1_190' title='bbox 434 2807 680 2904; x_wconf 79' lang='lat' dir='ltr'>deformibus,</span> <span class='ocrx_word' id='word_1_191' title='bbox 708 2830 745 2884; x_wconf 87' lang='lat' dir='ltr'>et</span> <span class='ocrx_word' id='word_1_192' title='bbox 762 2808 1005 2904; x_wconf 78' lang='lat' dir='ltr'>muliebriter</span> <span class='ocrx_word' id='word_1_193' title='bbox 1010 2804 1145 2895; x_wconf 79' lang='lat' dir='ltr'>iisdem</span> <span class='ocrx_word' id='word_1_194' title='bbox 1286 2818 1289 2823; x_wconf 85' lang='lat'>&#39;</span> <span class='ocrx_word' id='word_1_195' title='bbox 1367 2738 1410 2889; x_wconf 97' lang='grc'>1</span> 
     </span>
     <span class='ocr_line' id='line_1_26' title="bbox 84 2892 1408 3029; baseline -0.005 -45"><span class='ocrx_word' id='word_1_196' title='bbox 84 2921 364 3010; x_wconf 85' lang='lat' dir='ltr'>nonnumquam</span> <span class='ocrx_word' id='word_1_197' title='bbox 377 2907 594 3029; x_wconf 79' lang='lat' dir='ltr'>infidentes,</span> <span class='ocrx_word' id='word_1_198' title='bbox 613 2894 863 3017; x_wconf 75' lang='lat' dir='ltr'>funguntur</span> <span class='ocrx_word' id='word_1_199' title='bbox 828 2892 1042 2985; x_wconf 75' lang='lat' dir='ltr'>muneribus</span> <span class='ocrx_word' id='word_1_200' title='bbox 1057 2935 1146 3021; x_wconf 77' lang='lat' dir='ltr'>con·</span> <span class='ocrx_word' id='word_1_201' title='bbox 1403 2995 1408 3000; x_wconf 32' lang='grc'>,</span> 
     </span>
     <span class='ocr_line' id='line_1_27' title="bbox 84 3004 1390 3114; baseline -0.004 -26"><span class='ocrx_word' id='word_1_202' title='bbox 84 3012 209 3088; x_wconf 84' lang='lat' dir='ltr'>suetis.</span> <span class='ocrx_word' id='word_1_203' title='bbox 270 3011 433 3112; x_wconf 79' lang='lat' dir='ltr'>Exipfis</span> <span class='ocrx_word' id='word_1_204' title='bbox 456 3013 576 3114; x_wconf 81' lang='lat' dir='ltr'>quivis</span> <span class='ocrx_word' id='word_1_205' title='bbox 600 3014 730 3091; x_wconf 87' lang='lat' dir='ltr'>iubae</span> <span class='ocrx_word' id='word_1_206' title='bbox 752 3004 901 3088; x_wconf 80' lang='lat' dir='ltr'>natione</span> <span class='ocrx_word' id='word_1_207' title='bbox 937 3038 1098 3111; x_wconf 82' lang='lat' dir='ltr'>pernox</span> <span class='ocrx_word' id='word_1_208' title='bbox 1108 3029 1159 3086; x_wconf 86' lang='lat' dir='ltr'>et·</span> <span class='ocrx_word' id='word_1_209' title='bbox 1384 3026 1390 3057; x_wconf 76' lang='lat'>&#39;</span> 
     </span>
     <span class='ocr_line' id='line_1_28' title="bbox 85 3109 1342 3218; baseline -0.006 -26"><span class='ocrx_word' id='word_1_210' title='bbox 85 3116 239 3218; x_wconf 79' lang='lat' dir='ltr'>perdius</span> <span class='ocrx_word' id='word_1_211' title='bbox 262 3117 352 3191; x_wconf 86' lang='lat' dir='ltr'>emit</span> <span class='ocrx_word' id='word_1_212' title='bbox 370 3130 409 3190; x_wconf 88' lang='lat' dir='ltr'>et</span> <span class='ocrx_word' id='word_1_213' title='bbox 434 3115 580 3210; x_wconf 79' lang='lat' dir='ltr'>vendit,</span> <span class='ocrx_word' id='word_1_214' title='bbox 602 3109 824 3217; x_wconf 74' lang='lat' dir='ltr'>cibumque</span> <span class='ocrx_word' id='word_1_215' title='bbox 823 3117 931 3188; x_wconf 78' lang='lat' dir='ltr'>sumit</span> <span class='ocrx_word' id='word_1_216' title='bbox 948 3137 985 3190; x_wconf 87' lang='lat' dir='ltr'>et</span> <span class='ocrx_word' id='word_1_217' title='bbox 1000 3135 1147 3213; x_wconf 84' lang='lat' dir='ltr'>potum,</span> <span class='ocrx_word' id='word_1_218' title='bbox 1176 3147 1179 3151; x_wconf 92' lang='lat'>·</span> <span class='ocrx_word' id='word_1_219' title='bbox 1237 3142 1240 3148; x_wconf 82' lang='grc'>’</span> <span class='ocrx_word' id='word_1_220' title='bbox 1321 3118 1342 3131; x_wconf 73' lang='grc'>’“</span> 
     </span>
     <span class='ocr_line' id='line_1_29' title="bbox 58 3209 1234 3338; baseline -0.003 -44"><span class='ocrx_word' id='word_1_221' title='bbox 58 3209 66 3226; x_wconf 74' lang='grc'>’</span> <span class='ocrx_word' id='word_1_222' title='bbox 87 3242 125 3324; x_wconf 81' lang='lat' dir='ltr'>et</span> <span class='ocrx_word' id='word_1_223' title='bbox 148 3212 346 3300; x_wconf 85' lang='lat' dir='ltr'>inclinatus</span> <span class='ocrx_word' id='word_1_224' title='bbox 359 3221 496 3295; x_wconf 77' lang='lat' dir='ltr'>cervici</span> <span class='ocrx_word' id='word_1_225' title='bbox 483 3220 706 3338; x_wconf 78' lang='lat' dir='ltr'>angustae</span> <span class='ocrx_word' id='word_1_226' title='bbox 697 3220 870 3313; x_wconf 74' lang='lat' dir='ltr'>rumenti,</span> <span class='ocrx_word' id='word_1_227' title='bbox 893 3221 933 3292; x_wconf 85' lang='lat' dir='ltr'>in</span> <span class='ocrx_word' id='word_1_228' title='bbox 958 3219 1072 3291; x_wconf 87' lang='lat' dir='ltr'>altum</span> <span class='ocrx_word' id='word_1_229' title='bbox 1091 3215 1149 3290; x_wconf 67' lang='lat' dir='ltr'>so·</span> <span class='ocrx_word' id='word_1_230' title='bbox 1231 3244 1234 3264; x_wconf 86' lang='lat'><strong>·</strong></span> 
     </span>
     <span class='ocr_line' id='line_1_30' title="bbox 87 3301 1144 3423; baseline -0.007 -25"><span class='ocrx_word' id='word_1_231' title='bbox 87 3313 218 3423; x_wconf 78' lang='lat' dir='ltr'>porciu</span> <span class='ocrx_word' id='word_1_232' title='bbox 241 3301 407 3422; x_wconf 83' lang='lat' dir='ltr'>adusque</span> <span class='ocrx_word' id='word_1_233' title='bbox 431 3322 648 3398; x_wconf 62' lang='lat' dir='ltr'>vamtatem</span> <span class='ocrx_word' id='word_1_234' title='bbox 679 3319 878 3398; x_wconf 83' lang='lat' dir='ltr'>effunditur</span> <span class='ocrx_word' id='word_1_235' title='bbox 897 3320 1144 3396; x_wconf 86' lang='lat' dir='ltr'>somniorum.</span> 
     </span>
     <span class='ocr_line' id='line_1_31' title="bbox 86 3421 1177 3526; baseline -0.002 -27.998"><span class='ocrx_word' id='word_1_236' title='bbox 86 3425 136 3500; x_wconf 85' lang='lat' dir='ltr'>Et</span> <span class='ocrx_word' id='word_1_237' title='bbox 157 3423 423 3510; x_wconf 83' lang='lat' dir='ltr'>deliberatione</span> <span class='ocrx_word' id='word_1_238' title='bbox 443 3425 551 3524; x_wconf 86' lang='lat' dir='ltr'>[uper</span> <span class='ocrx_word' id='word_1_239' title='bbox 572 3427 683 3508; x_wconf 83' lang='lat' dir='ltr'>rebus</span> <span class='ocrx_word' id='word_1_240' title='bbox 707 3425 894 3526; x_wconf 85' lang='lat' dir='ltr'>propolita</span> <span class='ocrx_word' id='word_1_241' title='bbox 918 3421 1040 3517; x_wconf 79' lang='lat' dir='ltr'>seriis,</span> <span class='ocrx_word' id='word_1_242' title='bbox 1070 3421 1177 3526; x_wconf 77' lang='lat' dir='ltr'>hoc7</span> 
     </span>
     <span class='ocr_line' id='line_1_32' title="bbox 86 3524 1223 3643; baseline 0.001 -41"><span class='ocrx_word' id='word_1_243' title='bbox 86 3524 220 3602; x_wconf 87' lang='lat' dir='ltr'>habitu</span> <span class='ocrx_word' id='word_1_244' title='bbox 243 3539 370 3602; x_wconf 81' lang='lat' dir='ltr'>omncs</span> <span class='ocrx_word' id='word_1_245' title='bbox 392 3528 431 3604; x_wconf 91' lang='lat' dir='ltr'>in</span> <span class='ocrx_word' id='word_1_246' title='bbox 463 3552 660 3604; x_wconf 88' lang='lat' dir='ltr'>commune</span> <span class='ocrx_word' id='word_1_247' title='bbox 689 3529 906 3604; x_wconf 78' lang='lat' dir='ltr'>consultant.</span> <span class='ocrx_word' id='word_1_248' title='bbox 974 3527 1185 3643; x_wconf 83' lang='lat' dir='ltr'>Aguntur</span> <span class='ocrx_word' id='word_1_249' title='bbox 1218 3592 1223 3615; x_wconf 76' lang='lat'>,</span> 
     </span>
     <span class='ocr_line' id='line_1_33' title="bbox 86 3615 1147 3730; baseline -0.008 -22"><span class='ocrx_word' id='word_1_250' title='bbox 86 3653 214 3730; x_wconf 75' lang='lat' dir='ltr'>autern</span> <span class='ocrx_word' id='word_1_251' title='bbox 227 3631 328 3707; x_wconf 86' lang='lat' dir='ltr'>nulla</span> <span class='ocrx_word' id='word_1_252' title='bbox 347 3627 536 3704; x_wconf 83' lang='lat' dir='ltr'>severitate</span> <span class='ocrx_word' id='word_1_253' title='bbox 553 3632 690 3730; x_wconf 85' lang='lat' dir='ltr'>regali,</span> <span class='ocrx_word' id='word_1_254' title='bbox 711 3630 776 3718; x_wconf 76' lang='lat' dir='ltr'>sed</span> <span class='ocrx_word' id='word_1_255' title='bbox 797 3615 1036 3705; x_wconf 83' lang='lat' dir='ltr'>tumultuario</span> <span class='ocrx_word' id='word_1_256' title='bbox 1053 3626 1147 3728; x_wconf 90' lang='lat' dir='ltr'>opti</span> 
     </span>
     <span class='ocr_line' id='line_1_34' title="bbox 85 3729 1150 3850; baseline -0.006 -41"><span class='ocrx_word' id='word_1_257' title='bbox 85 3757 229 3810; x_wconf 89' lang='lat' dir='ltr'>matum</span> <span class='ocrx_word' id='word_1_258' title='bbox 246 3733 361 3808; x_wconf 92' lang='lat' dir='ltr'>ductu</span> <span class='ocrx_word' id='word_1_259' title='bbox 374 3733 539 3807; x_wconf 91' lang='lat' dir='ltr'>contenti</span> <span class='ocrx_word' id='word_1_260' title='bbox 549 3755 855 3842; x_wconf 83' lang='lat' dir='ltr'>perrumpunt,</span> <span class='ocrx_word' id='word_1_261' title='bbox 886 3729 1103 3850; x_wconf 86' lang='lat' dir='ltr'>quidquid&#39;</span> <span class='ocrx_word' id='word_1_262' title='bbox 1094 3758 1150 3804; x_wconf 75' lang='grc' dir='ltr'>ιιι·</span> 
     </span>
     <span class='ocr_line' id='line_1_35' title="bbox 87 3831 1182 3956; baseline -0.007 -41"><span class='ocrx_word' id='word_1_263' title='bbox 87 3837 235 3934; x_wconf 80' lang='lat' dir='ltr'>ciderit</span> <span class='ocrx_word' id='word_1_264' title='bbox 301 3836 350 3910; x_wconf 82' lang='lat' dir='ltr'>Et</span> <span class='ocrx_word' id='word_1_265' title='bbox 382 3858 546 3936; x_wconf 79' lang='lat' dir='ltr'>pugnent</span> <span class='ocrx_word' id='word_1_266' title='bbox 571 3864 851 3956; x_wconf 84' lang='lat' dir='ltr'>nonnumquam</span> <span class='ocrx_word' id='word_1_267' title='bbox 878 3835 1046 3931; x_wconf 90' lang='lat' dir='ltr'>lacelliti,</span> <span class='ocrx_word' id='word_1_268' title='bbox 1085 3831 1182 3924; x_wconf 70' lang='lat' dir='ltr'>leda</span> 
     </span>
     <span class='ocr_line' id='line_1_36' title="bbox 86 3937 1151 4039; baseline -0.005 -23"><span class='ocrx_word' id='word_1_269' title='bbox 86 3944 257 4020; x_wconf 84' lang='lat' dir='ltr'>ineuntes</span> <span class='ocrx_word' id='word_1_270' title='bbox 274 3941 421 4039; x_wconf 84' lang='lat' dir='ltr'>proelia</span> <span class='ocrx_word' id='word_1_271' title='bbox 443 3939 626 4018; x_wconf 87' lang='lat' dir='ltr'>cuneatim</span> <span class='ocrx_word' id='word_1_272' title='bbox 645 3941 754 4018; x_wconf 85' lang='lat' dir='ltr'>variis</span> <span class='ocrx_word' id='word_1_273' title='bbox 771 3942 925 4020; x_wconf 80' lang='lat' dir='ltr'>vocibus</span> <span class='ocrx_word' id='word_1_274' title='bbox 937 3937 1151 4039; x_wconf 80' lang='lat' dir='ltr'>sonantibus</span> 
     </span>
    </p>
   </div>
   <div class='ocr_carea' id='block_1_3' title="bbox 17 4131 546 4278">
    <p class='ocr_par' dir='ltr' id='par_1_3' title="bbox 17 4131 546 4278">
     <span class='ocr_line' id='line_1_37' title="bbox 17 4131 546 4278; baseline -0.004 -32"><span class='ocrx_word' id='word_1_275' title='bbox 17 4131 23 4278; x_wconf 26' lang='lat' dir='ltr'><em>L</em></span> <span class='ocrx_word' id='word_1_276' title='bbox 126 4191 158 4260; x_wconf 83' lang='lat'>4)</span> <span class='ocrx_word' id='word_1_277' title='bbox 176 4132 230 4246; x_wconf 79' lang='grc'><strong>1111.</strong></span> <span class='ocrx_word' id='word_1_278' title='bbox 250 4186 325 4244; x_wconf 78' lang='lat' dir='ltr'>licet.</span> <span class='ocrx_word' id='word_1_279' title='bbox 413 4257 417 4263; x_wconf 31' lang='grc' dir='ltr'>Ι</span> <span class='ocrx_word' id='word_1_280' title='bbox 478 4235 481 4242; x_wconf 33' lang='lat' dir='ltr'>r</span> <span class='ocrx_word' id='word_1_281' title='bbox 540 4201 546 4208; x_wconf 88' lang='lat'>&#39;</span> 
     </span>
    </p>
   </div>
   <div class='ocr_carea' id='block_1_4' title="bbox 0 0 1430 4750">
    <p class='ocr_par' dir='ltr' id='par_1_4' title="bbox 0 0 1430 4750">
     <span class='ocr_line' id='line_1_38' title="bbox 0 0 1430 4750; baseline 0 1"><span class='ocrx_word' id='word_1_282' title='bbox 0 0 1430 4750; x_wconf 95' lang='lat' dir='ltr'> </span> 
     </span>
    </p>
   </div>
  </div>
 </body>
</html>
