2850 4750
247 178 322 282 &6
612 174 1064 268 exconsul
1082 173 1088 180 ⁴

235 374 329 447 lum
345 394 487 471 pararet
500 374 540 449 in
554 375 731 471 Persas,
721 404 760 450 ιιι
774 335 995 451 suburbano
1004 369 1318 485 Constantinopo-

171 484 177 510 l
251 476 368 550 litauo
392 477 477 552 villa
501 482 684 579 publica
675 502 776 554 ruxta
800 474 1078 573 Nicomediam,
1100 472 1318 579 dispoliatam

153 644 156 670 ,
252 581 350 654 hene
367 606 444 653 rem
457 585 645 681 publicam
658 586 745 659 filiis
770 585 917 679 tradens
937 584 1076 683 [obiit]
1134 585 1322 683 Regnavit

112 700 115 707 '
196 786 197 798 ἵ
256 710 340 757 aun.
358 710 464 759 ιιιιιιι.
517 688 692 807 Sepultus
712 688 763 763 est
776 687 1097 838 Constantinopoli

357 896 455 967 Item
472 920 523 967 ex
544 894 645 967 libris
669 896 934 970 otromcorum
953 897 1051 967 inter
1074 904 1233 965 caetera.

206 1055 398 1195 affigitur
388 1118 592 1197 imperante
619 1030 775 1193 Zenone
795 1034 973 1197 Augulio
985 1094 1324 1195 Constantinopoli,

255 1198 516 1297 superveniens
531 1200 659 1299 Nepos
673 1201 867 1275 Patricius
873 1202 921 1275 ad
941 1201 1096 1284 Portum
1119 1200 1222 1273 urbis
1247 1201 1324 1273 Ro-

257 1330 340 1376 mae
349 1301 552 1402 ,deposuit
565 1304 639 1379 de
629 1306 788 1404 imperio
805 1304 1042 1405 Glycerium,
1071 1322 1108 1375 et
1125 1304 1244 1395 lactus
1271 1304 1326 1377 est
1379 1341 1381 1410 p

158 1484 163 1499 Ι
258 1404 507 1506 Episcopus,
527 1428 563 1477 et
602 1406 730 1513 Nepos
767 1410 886 1481 factus
923 1409 1126 1505 imperator
1161 1406 1322 1481 Romae.
1380 1423 1382 1482 l

259 1506 351 1583 Μοι
366 1511 516 1585 veniens
536 1501 765 1619 Ravennam.
791 1532 904 1603 quem
929 1508 1150 1603 persequens
1164 1500 1383 1582 ''Orestes
1382 1589 1383 1604 ἶ

257 1608 439 1679 Patricius
459 1638 545 1683 cnm
567 1600 749 1701 exercitii,
778 1629 945 1681 metuens
967 1607 1095 1705 Nepos
1120 1607 1326 1684 adrentum

203 1722 208 1739 ⁶
260 1704 400 1780 Orestis
409 1707 666 1805 ‚adscendens
681 1705 805 1784 navim
791 1711 944 1828 ‘fugam
953 1711 1050 1810 petit
1066 1707 1115 1783 ad
1130 1711 1326 1808 Salonam,
1384 1753 1386 1780 ι

260 1830 296 1883 et
311 1810 366 1882 ibi
380 1765 509 1886 ιιιιιιΙὶι
525 1840 590 1912 ρει
605 1832 722 1887 annos
737 1813 921 1914 quinque:
949 1813 1076 1916 postea
1093 1839 1181 1889 vero
1206 1842 1227 1886 a
1247 1815 1326 1889 luis

136 1964 142 1978 ι
260 1914 457 1989 occiditur.
516 1916 609 1993 Mox
629 1942 675 1993 eo
699 1914 859 2017 egrello,
885 1916 1036 1992 iactus
1026 1937 1228 2016 imperator
1243 1920 1327 1992 Au·

259 2016 435 2112 gustulus.
738 2044 741 2053 ·

139 2115 142 2121 ’
175 2164 188 2185 ι
206 2124 251 2211 57
335 2122 576 2221 Augustulus,
597 2122 761 2224 quiante
775 2148 931 2221 regnum
947 2100 1128 2195 Romulus
1148 2149 1169 2194 a
1192 2147 1328 2218 paren·

68 2222 81 2238 “
260 2222 359 2297 tibus
381 2230 602 2341 vocabatur,
637 2248 781 2327 apatrc
804 2224 934 2299 Oreste
963 2220 1126 2299 Patricio
1138 2225 1259 2298 lactus
1275 2225 1328 2298 est

205 2407 223 2431 Ι
259 2325 473 2431 imperator.
529 2330 832 2452 superveniente
866 2324 1041 2404 Odoacre
1084 2356 1170 2401 cum
1214 2350 1328 2427 gente
1391 2349 1392 2360 ²

259 2423 480 2532 Scyrorum,
501 2433 639 2507 occidit
655 2417 824 2508 Orestem
838 2431 1070 2519 Patricium
1060 2459 1100 2504 ιιι
1121 2430 1326 2528 Placentia,

261 2554 298 2607 et
321 2535 529 2610 fratrem
499 2563 576 2610 elus
598 2535 755 2612 Paulum
773 2536 822 2609 ad
834 2536 1068 2610 Pinetaloris
1083 2531 1239 2609 Clallem
1256 2535 1327 2608 lla·

207 2648 252 2718 58
263 2663 413 2711 vennae
447 2639 711 2737 Ingrediens
695 2660 825 2715 autem
818 2639 1041 2713 Ravennam
1056 2635 1230 2737 deposuit
1247 2639 1328 2711 An-

234 2739 444 2837 gustulum
459 2741 507 2814 tle
529 2767 662 2841 regno,
692 2744 796 2816 cuius
820 2743 996 2821 infantiae
1021 2741 1208 2838 misertus,
1234 2768 1327 2814 con·

260 2841 419 2916 cellit
387 2870 423 2916 er
443 2841 694 2944 langmnem:
711 2867 749 2919 et
765 2847 851 2945 quia
876 2846 1031 2944 pulcher
1060 2865 1159 2939 erat,
1198 2865 1327 2941 tamen

263 2943 458 3020 donavit
428 2974 462 3020 er
476 2933 709 3024 reditumleit
733 2951 849 3026 millia
864 2947 1045 3038 solidos,
1061 2969 1117 3022 et
1110 2945 1215 3050 milit
1238 2974 1326 3021 eum

260 3049 357 3124 intra
371 3051 609 3170 Campaniam
623 3068 708 3126 cum
724 3052 935 3150 parentibus
952 3048 1026 3124 suis
1048 3051 1219 3124 libere
1185 3077 1324 3125 vivere.

167 3163 172 3176 ‘
260 3141 409 3227 Etenim
424 3176 534 3254 pater
544 3182 623 3229 erus
636 3155 783 3229 Orestes
794 3155 1022 3249 Pannotos,
1018 3155 1092 3254 qui
1112 3179 1158 3226 eo
1177 3172 1327 3271 tempo·

264 3282 326 3350 re,
350 3257 504 3354 quando
526 3259 642 3331 Attila
663 3257 707 3330 ad
733 3259 878 3344 Italiam
898 3258 1017 3351 venit,
1039 3254 1089 3334 le
1109 3257 1200 3328 illi
1190 3250 1325 3345 iunxit,

155 3398 158 3409 ·
183 3456 185 3462 ‚
264 3358 394 3432 eteius
413 3359 574 3434 notarius
588 3361 704 3438 factus
718 3363 850 3436 uerat
903 3342 1013 3434 Unde
1018 3359 1191 3478 profecit
1206 3380 1247 3434 et
1266 3387 1325 3434 us-

174 3523 176 3532 i
266 3489 362 3564 que
353 3463 401 3538 ad
413 3461 630 3538 Patriciatus
645 3463 862 3563 dignitatem
905 3464 1060 3539 ervenit

78 3661 79 3664 Ἴ
211 3573 255 3661 59
337 3564 457 3674 Ergo,
492 3566 688 3670 postquam
707 3569 826 3641 lactus
852 3493 1132 3666 ellimperator
1163 3564 1271 3640 Zeno
1301 3592 1324 3637 a

92 3677 96 3739 ζ
171 3667 179 3683 “
262 3661 348 3742 filio
371 3667 437 3742 luo
457 3669 604 3764 Leone,
640 3671 709 3770 qui
733 3692 838 3746 natus
857 3672 975 3745 fuerat
1004 3669 1054 3742 de
1079 3669 1157 3742 filia
1183 3668 1324 3747 Leonis

262 3769 428 3846 Ariadne
449 3773 618 3869 nomine,
647 3784 776 3874 regnat
792 3801 882 3864 cum
907 3775 986 3847 filio
1008 3771 1074 3851 luo
1096 3799 1194 3846 anno
1225 3787 1325 3846 uno·

263 3893 309 3945 et
322 3875 455 3949 merito
475 3877 611 3952 Leonis
632 3905 794 3977 regnum
809 3861 979 3962 remanlit
1001 3875 1102 3979 apud
1117 3875 1323 3960 Zenonem

231 3983 233 3992 '
263 3975 369 4050 Zeno
392 4006 481 4054 vero
504 4007 590 4054 cum
611 3982 724 4054 filio
714 4010 794 4055 ram
811 4008 966 4081 regnans
980 4005 1078 4054 anno
1092 4007 1195 4052 uno
1177 3981 1328 4077 ‚impe-

219 4131 220 4138 ι
261 4081 357 4154 ravit
372 4111 488 4160 annos
505 4109 611 4161 xva
633 4083 795 4162 Isauriae
812 4080 1075 4182 nobilillimus,
1106 4111 1173 4185 qua
1154 4082 1327 4180 dignus

779 4390 791 4429 t
