2850 4750
313 215 933 313 occurerent-‘monnau
998 307 1002 320 ,
1045 201 1047 215 ¹
1084 228 1163 320 6ιό
1277 254 1281 264 ·

41 412 52 461 s*
90 390 247 529 patriani
264 410 368 485 cultu
384 408 596 486 decoravit
586 411 725 509 augenti
734 465 748 502 ,
773 432 810 487 et
822 413 965 488 Romae
978 410 1159 489 defidera

40 524 41 551 ³
93 516 147 589 vit
173 514 344 613 aequari:
361 511 534 608 deinde,
564 514 788 614 quaefitie
757 543 792 590 et
812 514 978 618 undique
998 516 1156 613 civibus,

39 621 41 657 ³
90 617 239 695 divitias
260 618 393 691 multas
416 618 566 715 largitus
583 617 656 704 est,
685 639 729 693 ut
752 631 870 719 prope
892 620 933 694 in
956 645 1016 697 ea
1025 644 1154 705 omnes

38 738 40 741 ’
91 720 302 810 thesauros,
333 722 446 819 regias
468 713 669 795 facultates
680 722 899 801 exhauriret.
956 721 1018 800 lbi
1040 724 1173 797 etiam
1291 800 1295 813 .

88 826 269 898 Senatum
282 824 468 897 constituit
483 822 634 899 secunda
652 824 813 920 ordinis,
847 823 996 902 Oleros
993 826 1150 901 vocavit
1248 869 1254 888 ι
1335 857 1336 864 “

88 926 239 1001 Deinde
261 926 452 1001 adversum
472 927 619 1004 Gothos
638 928 780 1003 bellum
801 928 983 1029 suscepit,
1023 951 1062 1004 et
1083 928 1152 1002 im·
1156 944 1202 1014 31
1274 923 1276 932 ’

87 1020 320 1129 plorantibus
344 1024 519 1105 Sarmatis
543 1016 718 1106 auxilium
740 1032 835 1106 tulit.
894 1034 951 1111 Ita
968 1060 1035 1133 per
1054 1020 1151 1108 Con
1260 1024 1266 1039 ‘

85 1134 286 1208 stantinum
307 1120 497 1209 Caesarem
520 1154 669 1209 centum
697 1160 818 1235 prope
843 1137 960 1211 ninia
986 1138 1084 1211 fame
1112 1156 1150 1209 ιι

85 1238 226 1335 frigore
252 1236 423 1311 exstincta
444 1234 553 1311 lunt.¹
595 1235 715 1315 Tunc
750 1258 788 1313 et
817 1238 962 1311 obfides
993 1239 1150 1338 accepit,·

86 1340 186 1413 inter
208 1365 301 1439 quos
322 1360 367 1425 en,
360 1339 540 1414 Ariarici
562 1338 657 1439 regis
678 1340 812 1416 filium.
872 1340 936 1414 Sic
971 1361 1058 1413 cnm
1087 1340 1224 1427 hisoe,
1308 1424 1312 1440 „

84 1470 180 1542 pace
202 1442 406 1536 firmata,
395 1469 435 1515 ιιι
462 1443 644 1517 Sarmatas
663 1441 785 1513 versus
807 1440 876 1535 est,
918 1443 982 1544 qui
1012 1441 1147 1518 dubiae

85 1544 179 1618 fidei
202 1546 416 1658 probantur.
476 1545 553 1615 Sed
571 1540 666 1615 servi
684 1542 933 1657 Sarmatarum
955 1543 1148 1620 adversum

86 1672 217 1719 omncs
236 1644 409 1717 dominos
430 1636 712 1719 rebellarunt:
688 1669 804 1742 quos
827 1647 949 1742 pulsos
973 1648 1147 1717 coustan-

84 1750 186 1821 tinus
209 1746 367 1821 libenter
400 1746 561 1844 accepit,
598 1758 637 1820 et'
660 1726 824 1843 ainplina
843 1766 1006 1822 trecenta
1030 1743 1147 1817 millia

83 1851 283 1925 hominum
313 1848 456 1932 mistae
453 1851 590 1922 aetatis
621 1869 659 1922 et
692 1844 794 1924 sexus
819 1875 909 1947 per
904 1846 1144 1941 Thraciam,
1251 1872 1255 1880 ¹

84 1952 295 2055 Scythiam,
318 1945 600 2039 Macedoniam,
621 1951 841 2069 Italiamque
856 1948 991 2025 di'vifit.

162 2057 258 2131 Item
274 2053 553 2135 Constantinus
543 2075 746 2152 imperator
758 2050 898 2153 primus
913 2053 1129 2129 christianus
1131 2074 1198 2151 ,33
1294 2110 1297 2120 .

87 2181 242 2259 excepto
258 2156 542 2257 Philippo,an
530 2155 776 2234 christianus
788 2154 991 2231 admodum
1005 2156 1054 2229 ad
1066 2112 1142 2229 hoc'

89 2284 231 2335 tantum
246 2261 461 2336 constitutus
477 2258 582 2333 suilla
606 2258 701 2332 mihi
723 2257 819 2335 visus
840 2260 908 2357 est,
939 2281 982 2334 ut
1001 2258 1146 2338 millen·
1193 2262 1206 2305 l
1309 2289 1311 2292 ·

88 2394 171 2441 mna
186 2366 325 2443 Romae
340 2393 454 2438 annue
469 2360 614 2440 Christo
626 2362 753 2462 potius
762 2419 773 2458 ‚
798 2391 908 2462 quam
921 2362 1031 2437 idolis
1046 2361 1144 2437 dica
1190 2410 1193 2418 ,

21 2491 22 2502 ¹
89 2492 201 2544 retur.
253 2467 537 2545 A-Constantino
552 2481 673 2544 autent
688 2493 815 2544 omnes
829 2464 972 2568 semper
983 2467 1150 2542 chullre

89 2574 128 2646 ni
149 2573 389 2671 imperatores
411 2589 529 2672 nsque
549 2564 775 2644 hodiernum
795 2496 930 2644 diemp
918 2592 1031 2646 creata
1018 2567 1144 2659 sunt,

87 2701 200 2776 excep
202 2695 250 2749 to
251 2675 438 2770 Iuliano,
433 2701 554 2774 quem
570 2673 703 2774 iinpia,
727 2693 771 2746 ut
785 2677 904 2771 aiunt,
932 2674 1144 2748 machinan
1225 2742 1229 2756 ι

53 2805 55 2810 ·
87 2800 164 2854 tem
177 2779 376 2852 exitialis
343 2799 418 2853 vata
432 2776 603 2852 deseruit.
656 2770 752 2853 Item
772 2777 1028 2855 Constantinus
1047 2765 1141 2852 iulio
1155 2789 1201 2878 54
1242 2811 1248 2821 ·

88 2910 131 2956 οι
124 2880 220 2957 dine
236 2903 273 2956 et
282 2906 347 2982 pro
359 2908 479 2956 vacem
492 2880 615 2955 vertit.
666 2876 801 2982 Edicto
810 2877 994 2982 quurdem
1005 2881 1143 2974 statuit,
1287 2945 1291 2959 .

87 2987 181 3060 citra
206 2987 320 3059 ullam
349 2984 502 3060 eaedem
528 2982 725 3057 hominum
757 3009 982 3082 paganorum
1007 2985 1146 3083 templa
1214 3012 1223 3033 ι
1265 3048 1268 3060 .

55 3133 60 3140 κ
86 3089 224 3163 claudi.
277 3087 490 3163 Gothorum
504 3083 709 3161 fortiffimas
725 3105 762 3159 et
780 3084 1037 3204 copiofiffimaa
1060 3112 1146 3186 gen·
1201 3154 1205 3161 ι

88 3213 144 3268 tes
164 3191 204 3267 in
225 3189 307 3290 ipso
331 3189 526 3268 barbarico
544 3189 648 3280 solo,
676 3187 752 3264 hoc
776 3186 880 3317 estin
897 3189 1144 3267 διιιιιιιιιιιιιι

87 3294 240 3394 regione
256 3293 403 3372 delevit
469 3310 471 3322 '

168 3398 405 3473 Calocaerum
440 3394 687 3498 quemdam
676 3425 716 3472 m
746 3397 869 3518 Cypro
899 3351 1201 3497 adspirantcmos

88 3499 195 3576 novis
222 3502 333 3576 rebus
353 3499 537 3619 oppieffit
583 3500 846 3597 Dalmatiam,
876 3501 996 3580 filium
1014 3499 1145 3598 {fratris

87 3603 146 3678 sui
167 3603 354 3678 Dalmatii.
403 3603 503 3677 AEius
529 3603 678 3681 fratrem
698 3557 1005 3680 Annihilianum
1013 3603 1143 3677 data
1112 3629 1147 3678 er
1307 3620 1309 3627 ’

90 3707 415 3784 Constantinafilia
432 3705 516 3801 sua,
538 3707 620 3806 ch
600 3735 681 3782 “em
702 3735 831 3808 regum
853 3729 891 3785 et
911 3707 1149 3784 Ponticarum

91 3811 257 3910 gentium
294 3809 498 3909 constituit
546 3810 604 3884 Ιιι
642 3830 685 3884 ut
722 3811 860 3886 Galliae
894 3805 1152 3888 Constantinus
1219 3893 1221 3897 ,

21 3997 22 4004 ¹
90 3916 215 3988 minor
240 3895 419 4014 regebat,
452 3913 646 3990 Orientem
672 3915 930 4004 Constantine,
948 3915 1153 4008 ·Africam,

90 4017 283 4117 Illyricum
318 4038 355 4092 et
388 4017 531 4094 ltaliam
562 4015 757 4110 Constans,
796 4018 916 4119 ripam
952 4015 1154 4092 Gothicam

91 4119 301 4236 Dalmatius
324 4117 507 4198 tuebatur
567 4120 665 4198 Item
691 4120 950 4247 Οοιιιὶιιιιὶιιιιι
970 4147 1058 4198 cum
1080 4122 1159 4199 bel-
1230 4197 1234 4204 .
