2850 4750
314 194 435 233 ⁴t‘

209 285 554 380 'c'ousraur'rns
577 315 885 427 ereun'ta'uns.
906 303 908 312 ’
939 289 1027 401 357.
1097 302 1164 403 '95

103 489 283 589 ingressus
299 492 360 589 est,
386 490 471 581 die,
484 514 535 565 tr.
551 487 637 569 Kal.
653 478 778 574 lunias
796 492 843 565 ab
856 491 948 565 urbe
963 495 1164 592 profectus,
1278 572 1280 581 ,

9 606 11 647 ὲ
103 622 173 693 per
195 546 449 671 Tridentum
439 616 511 671 tter
526 596 566 667 in
588 596 777 703 lllyrionm
798 595 991 670 festinavit
1048 598 1211 674 Undear

104 696 245 771 misso
233 726 275 771 ιιι
298 701 422 773 locum
445 697 614 773 Marcelli
642 692 802 796 Severo,
836 689 1034 799 belloruni
1040 697 1130 777 usn
1128 726 1166 779 et

103 805 317 886 maturitate
333 796 500 895 firmato,
527 800 740 879 Ursicinum
751 802 799 874 ad
816 801 853 877 se
875 802 999 879 venire
1020 833 1165 905 praece·

102 903 191 1003 pit.
234 904 283 978 Et
301 906 385 999 ille,
412 900 542 977 litteris
564 926 748 1001 gratanter
771 906 951 1003 acceptis,
985 908 1165 982 Sirmium
1254 958 1258 968 ·

101 1007 226 1101 venit,
261 1002 522 1082 comitantibus
548 1006 677 1081 sociis:
719 1010 934 1121 libratisque
965 1009 1032 1083 diu
1056 1012 1167 1110 supet·
1233 1071 1237 1083 .

101 1137 198 1227 pace
218 1112 424 1215 consiliis,
425 1138 536 1229 quam
557 1110 706 1184 fundari
730 1109 832 1211 posse
852 1140 938 1186 cum
950 1110 1067 1189 Persis
1083 1116 1167 1189 Mu·
1250 1160 1255 1169 -

100 1212 277 1287 lonianus
292 1206 519 1308 retulerat,
510 1232 549 1286 ἰιι
571 1202 764 1289 Orientem
785 1243 870 1289 cum
893 1217 1089 1315 magisterii
1112 1245 1168 1292 re

103 1317 266 1391 mittitur
286 1318 483 1417 potestate:
517 1320 704 1421 provectis
725 1344 746 1391 e
767 1317 954 1393 consortio
971 1321 1094 1395 nostro
1117 1319 1167 1397 ad

102 1419 289 1517 regendos
305 1423 440 1495 milites
453 1440 541 1495 natu
560 1422 783 1510 maioribus,
793 1420 1059 1496 adulescentes
1080 1451 1166 1497 eum
1275 1484 1293 1494 ..

101 1520 243 1699 Γιιιιιιί
230 1523 421 1625 iubemur,
453 1520 637 1657 quidquid
658 1551 729 1623 pm
749 1526 841 1628 Rep.
856 1520 1109 1605 mandaverit
1099 1556 1167 1601 rm·

104 1628 258 1725 poturi.
370 1648 374 1655 '

89 1793 91 1835 ¹
359 1876 363 1883 ,
449 1792 567 1895 ·(ι.
596 1794 637 1871 c
665 1796 771 1895 ιιι.)

186 1929 258 2003 Xl.
289 1927 343 2003 At
376 1926 526 2022 Caesar,
565 1942 693 2003 exacta
721 1927 821 2029 apud
849 1929 1016 2005 Senonas
1042 1928 1192 2005 hiemet

106 2031 340 2127 turbulenta,
375 2032 538 2131 Augusto
575 2032 723 2125 novies,
754 2031 908 2131 seque
899 2055 1033 2107 iterum
1070 2032 1166 2106 Coss.

107 2122 342 2208 Germanicis
356 2134 522 2234 undique
543 2136 931 2210 circumfrementibus
950 2136 1082 2227 minis,
1114 2134 1168 2208 se-

106 2237 242 2311 cundis
258 2239 444 2319 ominibus
459 2259 592 2333 motus,
614 2239 749 2313 Remos
766 2240 987 2337 properavit,
1011 2240 1169 2327 alacrior

107 2341 301 2442 magisque
314 2342 460 2438 laetus,
479 2341 586 2444 quod
600 2343 975 2442 exercitnmregebat
996 2343 1167 2436 Severus,
1212 2411 1216 2417 ,
1291 2399 1295 2408 .

107 2473 181 2518 nec
203 2445 386 2536 discors,
400 2473 468 2520 uec
494 2473 688 2545 arrogans,
718 2446 785 2520 sed
799 2447 910 2545 longa
924 2447 1077 2521 militiae
1093 2447 1170 2520 sru-
1229 2482 1234 2496 ·

108 2549 257 2646 galitate
272 2571 497 2649 compertus,
518 2571 555 2624 et
571 2577 659 2625 eum
672 2572 770 2624 recta
786 2571 1025 2649 praeepntem
1037 2548 1218 2653 sequu-

109 2673 234 2744 turos,
259 2673 301 2724 ut
327 2652 520 2726 ductorem
550 2654 754 2752 morigerus
782 2653 901 2727 miles
967 2651 1073 2727 Parte
1099 2625 1218 2730 aliae

10 2775 11 2790 ι
106 2755 287 2829 Barbatio
309 2756 390 2854 post
411 2757 587 2831 Silvani
577 2757 768 2831 interitum
790 2775 984 2875 promotus
1003 2755 1052 2828 ad
1067 2755 1171 2854 pedi-

109 2877 192 2930 tum
206 2857 470 2956 magisterium,
493 2887 548 2933 ex
553 2861 658 2934 Italia
673 2859 768 2932 iullu
782 2859 960 2978 priucipis
976 2872 1063 2932 cum
1081 2883 1199 2931 xxr

110 2953 281 3034 millibus
311 2983 534 3037 armatorum
565 2964 750 3037 Rauracos
781 2963 895 3037 venit
957 2963 1198 3060 Cogitamms
1299 2967 1302 2971 ’
1341 3064 1347 3078 ἢ

112 3063 166 3137 est
185 3063 307 3153 enim,
335 3064 565 3167 solliciteque
589 3067 871 3164 praestructum,
900 3086 942 3138 ut
970 3062 1180 3138 saevientes

113 3168 210 3239 ultra
231 3166 381 3240 solitum
383 3169 618 3286 Alamanni,
648 3182 898 3268 vagantesque
918 3165 1052 3258 sulius,
1076 3160 1208 3243 mul
1250 3238 1252 3242 ,
1276 3241 1278 3248 ,

112 3269 274 3352 titudine
298 3271 489 3368 geminata
499 3268 728 3365 nostrorum,
765 3271 918 3371 forcipis
939 3269 1061 3369 specie
1080 3267 1170 3342 trust

113 3373 154 3446 in
181 3374 360 3472 angustias
385 3375 634 3450 caederentur.
701 3375 803 3448 Dum
830 3374 922 3448 haec
949 3395 1071 3477 tpmen
1101 3372 1200 3470 rite4
1286 3398 1290 3406 ¹

115 3474 301 3574 diapolita,
318 3478 540 3573 celerantur,
574 3479 680 3552 Laeti
707 3478 863 3550 barbari
886 3477 934 3552 ad
956 3475 1201 3575 ‚tempestiva
1256 3481 1267 3496 ”
1330 3566 1333 3575 ¹

113 3579 212 3654 surra
234 3579 463 3675 sollertes,
453 3603 549 3655 mter
569 3582 761 3689 utriusque
783 3582 962 3657 exercitus
983 3581 1096 3655 casira
1111 3605 1174 3652 oc·

115 3685 213 3758 culte
248 3683 470 3782 transgressi,
498 3682 659 3760 invasere
697 3682 924 3784 Lrigdunum
967 3683 1173 3756 incautam:

116 3787 271 3906 eamque
293 3788 507 3885 populatam
527 3788 609 3860 nisu
636 3789 757 3885 valido
787 3786 1090 3873 concremassent,
1130 3783 1172 3857 ni

115 3889 242 3966 clausis
257 3889 421 3964 aditibus
428 3891 643 4009 reperculsi,
662 3876 856 3990 quidquid
869 3913 971 3964 extra
974 3887 1171 4005 oppidum

117 3997 241 4090 potuit
279 3994 458 4087 inveniri,
500 3995 696 4072 vallassent.
751 3996 833 4084 Qua
866 3993 969 4067 clade
1010 3991 1202 4089 cognita,5

119 4095 204 4193 agili
222 4095 345 4171 [tudio
368 4097 497 4174 Caesar
517 4097 627 4171 millis
641 4097 774 4182 cuneis
794 4097 910 4172 tribas
934 4094 1118 4195 equitum
1115 4119 1175 4167 ex·
1235 4146 1237 4149 -
1269 4113 1281 4141 *
1316 4149 1322 4168 .

96 4200 101 4211 ’
119 4197 330 4295 peditarum
344 4222 384 4277 et
396 4202 563 4301 forantur,
587 4202 656 4334 qis
674 4200 1035 4292 observavititiuem,
1055 4195 1174 4274 sciens
1252 4213 1262 4234 ‘

685 4456 728 4487 ‘l
818 4451 850 4486 ”.
