2850 4750
262 220 337 307 554
446 231 641 309 aunra‘nr
662 255 966 318 annonantur
983 257 1106 326 x-xrx,
1132 238 1178 308 6.-

264 442 324 494 tae
361 417 575 508 foederibus
606 418 706 520 pacis
738 420 837 502 nihil
863 447 968 519 egere
984 421 1249 518 contrarium,
1287 439 1339 496 en

266 523 421 599 maxime
443 525 576 600 timore
595 523 768 624 perculli,
783 561 786 572 ·
803 523 907 622 qnod
936 522 984 596 ad
1009 525 1157 597 tutelam
1182 525 1341 626 lllyrici
1392 583 1393 590 κ

268 627 450 703 Gallicani
465 628 593 701 militia
606 627 770 702 validum
782 621 972 700 accellerat
989 624 1113 700 robur.

217 757 257 827 17
340 728 446 804 'Dum
460 731 550 806 haec
566 753 622 805 tot
638 759 679 806 ac
693 729 779 804 talia
797 720 861 830 per
877 731 1039 804 turbines
1063 731 1251 828 agitantur
1274 726 1343 800 ad·

198 875 203 888 ·
270 827 414 928 fiduoa',
440 832 597 910 Claudio
620 857 767 930 regente
781 827 912 908 urbem
934 857 1136 927 aeternam,
1163 830 1341 922 Tiberis,

270 937 336 1034 qui
369 936 496 1013 media
528 936 749 1014 intersecans
779 938 945 1026 moenia,
978 938 1114 1036 cloacis
1144 957 1180 1008 et
1205 935 1342 1018 fluviis

240 1072 244 1078 ¹
270 1039 542 1114 abundantibus
555 1041 679 1116 multis
691 1039 886 1142 Tyrrheno
901 1041 993 1114 mari
1016 1037 1208 1132 miscetur,
1244 1038 1344 1111 effia-

210 1192 214 1202 ·
271 1140 373 1220 fione
388 1143 563 1218 imbrium
579 1146 781 1219 exuberans
794 1145 926 1234 nimia,
949 1165 986 1218 et
998 1144 1103 1242 l'upra
1119 1142 1238 1219 amnis
1256 1135 1343 1238 spe·

168 1248 173 1274 ¹
221 1251 370 1328 rectam
388 1245 535 1356 pausae,
564 1248 687 1324 omnia
704 1275 818 1349 paene
841 1249 1013 1330 contexit.
1072 1247 1118 1319 Et
1137 1244 1344 1344 stagnanti·

272 1349 342 1430 bnt
363 1350 521 1426 civitatis
547 1349 697 1435 reliduts
720 1351 913 1444 membris,
946 1357 1040 1452 quae
1066 1349 1274 1424 tenduntur
1299 1347 1342 1420 in

271 1452 461 1552 planitiem
476 1455 703 1548 molliorem,
728 1477 871 1529 montes
886 1453 952 1530 loli
972 1477 1009 1529 et
1031 1451 1216 1554 quidquid
1237 1447 1344 1522 insu·
1393 1466 1394 1522 t

271 1554 391 1633 larum
409 1555 538 1635 celliut
558 1558 761 1652 eminebat,
792 1587 812 1634 a
835 1558 1011 1660 praesenti
1035 1552 1135 1648 nictu
1158 1553 1343 1626 defende·
1393 1575 1394 1600 ¹

274 1657 411 1753 batur:¹
434 1681 490 1754 et,
522 1688 569 1734 ne
590 1663 696 1734 multi
715 1660 839 1760 inedia
861 1659 1181 1750 contabescerent,
1217 1656 1343 1729 unda·

207 1765 213 1776 ‘
254 1789 367 1865 irtun¹
385 1763 645 1862 magnitudine¹
669 1793 850 1868 nusquam
881 1763 1053 1866 progredi
1084 1761 1342 1862 permittente,

272 1863 406 1940 lembis
429 1887 467 1940 et
485 1859 629 1966 scaphia
651 1871 759 1968 copia
783 1868 1040 1970 suggerebatur
1062 1862 1208 1940 abunde
1231 1864 1342 1935 cibo.

275 1994 371 2042 rum.
430 1969 484 2043 At
506 1996 615 2063 vero,
640 1971 917 2076 ubi'tampestm
942 1970 1120 2062 mollivit,
1144 1987 1179 2040 et
1194 1969 1343 2040 flumen

263 2070 490 2146 retinaculis
504 2074 622 2172 ruptis
636 2074 745 2151 rediit
761 2075 808 2148 ad
823 2073 970 2150 lolitum
986 2071 1151 2162 cursum,
1173 2069 1341 2140 absterlo

139 2189 143 2225 ³
226 2183 380 2266 19meru
407 2174 503 2252 nihil
530 2177 653 2278 postea
681 2177 874 2255 molestum
905 2175 1190 2275 exspectabatur.
1263 2171 1340 2244 Hic

277 2275 356 2377 ipse
370 2280 575 2379 praefectur
592 2281 666 2380 egit
686 2279 889 2357 admodum
911 2281 1055 2379 quiete,
1081 2271 1341 2356 nullamtsedi.

281 2380 422 2480 tionem
435 2380 544 2481 snper
557 2381 809 2487 querelaiulla
830 2382 1033 2485 perpeffus:
1068 2401 1104 2455 et
1127 2379 1342 2452 instauravit
1394 2383 1395 2397 ¹

279 2506 402 2558 vetera
415 2484 584 2584 plurima.
642 2489 744 2561 Inter
767 2514 861 2591 quae
883 2488 1069 2587 porticum
1092 2479 1262 2559 cicitavit
1286 2482 1341 2554 in·

280 2612 447 2686 gentem,
483 2589 629 2665 lavacro
666 2591 855 2692 Agrippae
891 2592 1123 2689 contiguam,
1172 2584 1340 2659 Eventus

279 2690 378 2769 Boni
403 2692 718 2789 cognominatam,
746 2696 790 2771 ea
814 2722 873 2791 re,
907 2692 1011 2797 quod
1037 2693 1148 2768 huius
1173 2689 1337 2763 nominis

85 2819 88 2826 ·
165 2841 168 2846 >
284 2792 542 2905 properibtnr
558 2798 753 2899 templum.
1071 2822 1077 2834 ·
