2850 4750
216 150 233 195 -t

218 258 544 329 cousra‘rtrtus
569 275 898 327 uricitanus
951 250 1041 348 559.
1096 252 1210 326 165
1283 288 1300 299 ·

91 438 250 517 casibus
263 416 419 517 erudita.
460 440 678 560 thousque
694 440 805 532 nobis
818 438 1019 517 Doriscum
1037 393 1225 532 Thra-125
1332 488 1335 493 -
1370 443 1372 450 ’

90 544 189 631 niae
204 544 409 645 oppidum,
437 564 473 617 et
491 544 704 643 agminatim
723 545 819 617 intra
841 538 1049 641 consaepta
1058 565 1171 640 exar-

90 646 205 723 citus
232 643 427 723 recensitos
460 647 616 723 Graecia
650 644 816 723 sabulosa
849 644 1044 721 narrabis?
1079 671 1186 719 num

91 776 178 824 nos
195 751 313 878 cauti,
336 752 414 845 vel,
435 750 611 825 utverius
631 749 810 839 dixerim,
835 748 959 823 timidi
980 746 1077 823 nibil
1093 772 1168 821 ex·
1226 801 1265 818 ,.
1348 760 1351 772 ’

89 841 346 953 aggesemus,
357 868 508 953 praetor
526 880 580 949 ea,
607 880 700 955 qnae
717 852 808 927 fidei
823 852 1030 929 testimonia
1043 876 1169 985 neque
1322 902 1325 908 .

92 952 244 1051 dubia,
264 982 416 1059 neque
398 956 537 1033 incerta
552 957 809 1043 monstrarunt
1257 991 1260 998 ·
1281 969 1285 973 ’

176 1060 269 1135 Vll.
299 1039 499 1159 Postquam
520 1086 642 1158 reges
637 1058 788 1135 Nineve
811 1056 1035 1133 Adiabene
1024 1054 1196 1174 ingentia.

92 1161 256 1237 civitate
270 1160 525 1255 transmissas
514 1190 556 1235 ιιι
567 1134 693 1237 medio
709 1161 835 1261 pontis
847 1162 1023 1237 Anzabae
1038 1155 1167 1234 hortiis

90 1263 215 1341 eaefis
242 1265 408 1389 extisque
439 1264 740 1365 prosperantibus
770 1266 946 1341 transiere
972 1260 1179 1357 laetiffimi,
1184 1342 1212 1371 Ι,
1269 1330 1274 1339 .

26 1402 39 1439 ι
91 1370 354 1453 coniectantes
382 1394 471 1463 nos,
495 1367 675 1442 residuam
703 1368 853 1487 plebem
881 1373 1031 1460 om'netn
1056 1374 1165 1463 aegre
1222 1384 1232 1399 ¹

91 1492 298 1571 penetrare
324 1470 406 1573 post
425 1468 591 1545 triduum
608 1470 728 1572 poffe,
756 1472 865 1548 citius
887 1468 1020 1545 exinde
1039 1466 1088 1555 ad
1100 1466 1165 1542 sa-

93 1596 235 1675 trapen
256 1574 389 1651 reversi
410 1574 637 1677 quievimus,
672 1573 917 1673 hospitalibus
946 1572 1077 1651 officiis
1097 1596 1165 1662 re-

94 1680 230 1753 creati.
280 1676 390 1751 Unde
403 1704 471 1779 per
482 1679 566 1753 loca
581 1676 719 1752 tudem
728 1676 868 1753 deserta
890 1698 928 1753 et
947 1678 1044 1772 sola,
1063 1697 1160 1749 ma·
1166 1700 1193 1750 a
1253 1707 1266 1738 ο
1302 1727 1306 1741 ·
1341 1726 1346 1737 ι
1398 1651 1406 1661 ⁹

97 1807 182 1881 gno
200 1780 419 1860 neeellitatis
448 1778 606 1859 ducente
632 1778 784 1875 solatio,
816 1782 1007 1876 celerius,
1050 1806 1164 1880 quam
1211 1817 1214 1826 =
1251 1794 1258 1867 J
1342 1859 1345 1866 q

96 1883 398 1985 potnitspera'ri,
421 1883 573 1978 reversi,
594 1884 892 1959 confirmavimus
909 1885 1052 1960 animoa
1067 1882 1166 1987 bae·
1198 1912 1205 1927 ⁸

95 1986 310 2081 litantium,
332 2014 449 2061 unum
465 2014 485 2061 e
500 1986 691 2066 navalibus
710 2008 864 2084 pontem
878 1986 1042 2061 transisse
1058 1982 1195 2083 reges

98 2090 245 2191 absque
264 2045 341 2165 ulla
362 2090 582 2165 circuitione
602 2088 815 2189 perdoctus.
872 2088 1094 2189 Extemplo
1083 2086 1193 2185 agi&
1285 2098 1298 2115 ⁰
1362 2155 1365 2162 .

95 2212 162 2267 tur
176 2194 320 2295 equites
334 2193 400 2267 citi
420 2196 458 2295 ¹)
471 2194 667 2267 mittuntur
689 2189 739 2265 ad
760 2190 965 2267 Gallianum
982 2188 1168 2288 Mesopo-

97 2296 238 2378 tantiae
262 2296 415 2392 ducem,
446 2310 702 2396 rectoremque
722 2296 936 2396 provinciae
964 2315 1054 2369 tunc
1079 2292 1167 2367 En·-

98 2399 328 2498 phronium,
349 2399 577 2501 compulsuri
593 2399 747 2499 'agrestes
764 2427 851 2474 enm
866 2399 1015 2476 familiis
1030 2419 1068 2472 et
1089 2423 1166 2498 pe·-

99 2501 255 2603 coribns
279 2505 454 2582 universis
477 2503 526 2580 ad
548 2504 686 2578 tutiora
706 2503 740 2622 ²)
766 2504 941 2598 transire,
970 2523 1008 2580 et
1021 2501 1161 2601 agiliter

97 2588 228 2680 deseri
235 2603 365 2682 Carras
371 2606 581 2708 oppidum,
603 2575 776 2682 invalidis
790 2603 1060 2684 circumdatum
1071 2614 1164 2678 nan
1204 2618 1206 2629 '

98 2711 173 2784 ris:
197 2707 305 2808 snper
318 2710 378 2784 his
401 2737 553 2810 campos
579 2727 707 2786 omnes
728 2708 898 2807 incendi,
928 2737 976 2784 ne
997 2709 1172 2812 pabulo-

61 2841 65 2852 ·
98 2839 187 2896 rum
217 2811 430 2913 suppeteret
462 2813 584 2913 eopia.
655 2810 740 2886 Et
729 2814 918 2914 imperatis
945 2812 1037 2892 fine
1059 2832 1193 2930 mora4

97 2915 341 3016 completis,
331 2916 470 3018 iniecto
484 2915 583 3016 igne,
607 2915 764 2992 furentis
782 2915 1004 2995 elementi
970 2943 1025 2991 ιιι
1038 2942 1172 3006 maxt-,

80 3059 83 3066 ·
97 3045 162 3098 ma
177 3021 361 3094 frumenta
372 3021 520 3114 omnia,
537 3047 623 3094 cum
637 3017 712 3094 iam
726 3017 858 3119 stipula
870 3019 1021 3106 flaventi
1031 3041 1202 3116 turge

98 3143 207 3212 rent,
233 3122 441 3224 herbasque
465 3120 677 3222 pubentes
666 3141 719 3202 ua
742 3123 970 3217 contumuit,
990 3143 1034 3196 nt
1048 3119 1166 3196 adus-

99 3250 176 3324 que
197 3218 427 3324 Euphratem
451 3227 498 3300 ab
521 3225 607 3326 ipfis
633 3226 860 3326 marginibus
884 3223 1078 3326 Tigridis
1067 3223 1172 3298 nihil

98 3326 221 3402 viride
245 3349 467 3406 cerneretur.
528 3327 638 3404 'l'nnc
664 3328 817 3406 exustae
830 3328 914 3404 sunt
936 3330 1034 3403 serae
1048 3325 1164 3412 com-
1250 3392 1256 3403 Ι

97 3431 245 3548 plures,
274 3433 507 3535 maximeque
530 3433 658 3509 leones
686 3459 754 3532 per
776 3461 819 3510 ea
843 3435 927 3508 loca
960 3429 1164 3507 saevientes

97 3533 335 3632 immaniter,
358 3535 525 3610 consumi
537 3537 597 3628 vel
613 3535 861 3612 caecarisneti
880 3535 1071 3636 paullatim
1084 3534 1162 3610 hoc
1242 3570 1244 3579 ·

35 3692 38 3702 .
98 3635 229 3713 modo.
282 3638 384 3712 Inter
397 3623 644 3714 harundineta
660 3636 951 3740 Mesopotamiae
954 3639 1242 3730 fluminum5

103 3759 141 3812 et
169 3735 326 3817 frutecta
358 3741 484 3820 leones
513 3735 692 3841 vagatitur
722 3742 928 3864 innumeri,
969 3743 1163 3818 clementia

100 3835 237 3968 hiemis
266 3841 322 3916 ihi
352 3843 581 3950 molliffimae
593 3843 788 3956 semper
777 3847 942 3926 innocui.
1010 3845 1065 3951 ᾼι
1094 3844 1165 3919 ulii
1224 3941 1229 3946 Ι
1344 3864 1347 3869 ·

102 4021 182 4040 -n
240 4023 253 4042 ι
368 3992 371 4004 r
419 4021 421 4028 ,
524 4011 526 4026 t

102 4115 266 4262 “aalma
275 4121 423 4181 ninantur
448 4137 514 4186 tune
536 4121 581 4186 ad.
621 4126 652 4200 a)
670 4122 724 4184 ΜΓ.
743 4141 772 4184 et
790 4122 885 4204 seps
905 4075 1022 4187 naurire
1036 4071 1177 4202 conpelli
